Time,Instrument,Operation,OrderId,Side,Volume,Price,Lifespan
0.0,0,Insert,268497067,A,1000,140500.0,G
0.0,0,Insert,268497071,A,8000,140500.0,G
0.0,0,Insert,268497291,A,1000,140500.0,G
0.0,0,Insert,268497559,B,2000,106400.0,G
0.0,0,Cancel,268497291,,-1000,,
0.0,0,Cancel,268497559,,-2000,,
0.0,0,Insert,268497883,B,2000,106500.0,G
0.0,0,Insert,268498071,B,1000,139800.0,G
0.0,0,Insert,268500499,A,1000,140700.0,G
0.0,0,Insert,268500783,A,2000,140700.0,G
0.0,0,Insert,268500795,A,1000,140800.0,G
0.0,0,Cancel,268500795,,-1000,,
0.0,0,Insert,268500927,A,1000,140800.0,G
0.0,0,Insert,268500939,A,780,140500.0,G
0.0,0,Insert,268500955,A,1000,140500.0,G
0.0,0,Cancel,268500927,,-1000,,
0.0,0,Insert,268501375,A,1000,140500.0,G
0.0,0,Insert,268501707,A,1000,140800.0,G
0.0,0,Cancel,268501707,,-1000,,
0.0,0,Insert,268501831,A,1000,140500.0,G
0.0,0,Cancel,268500955,,-1000,,
0.0,0,Insert,268502199,B,8000,140300.0,G
0.0,0,Cancel,268500939,,-780,,
0.0,0,Insert,268502203,B,780,140300.0,G
0.0,0,Insert,268502207,B,1000,140300.0,G
0.0,0,Cancel,268501375,,-1000,,
0.0,0,Cancel,268497067,,-1000,,
0.0,0,Insert,268502319,B,1000,140300.0,G
0.0,0,Cancel,268500783,,-2000,,
0.0,0,Cancel,268497071,,-8000,,
0.0,0,Insert,268502331,B,2000,140000.0,G
0.0,0,Cancel,268502319,,-1000,,
0.0,0,Cancel,268502207,,-1000,,
0.0,0,Insert,268502491,B,1000,140300.0,G
0.0,0,Cancel,268502199,,-8000,,
0.0,0,Cancel,268502491,,-1000,,
0.0,0,Insert,268503795,A,1000,140500.0,G
0.0,0,Insert,268503955,B,8000,140300.0,G
0.0,0,Insert,268503959,B,1000,110700.0,G
0.0,0,Insert,268503963,A,1000,170100.0,G
0.0,0,Insert,268503967,A,1000,142000.0,G
0.0,0,Insert,268504379,B,1000,138800.0,G
0.0,0,Insert,268504823,A,8000,140500.0,G
0.0,0,Insert,268504827,B,1000,140300.0,G
0.0,0,Insert,268504831,A,1000,140500.0,G
0.0,0,Insert,268505179,A,1000,140500.0,G
0.0,0,Cancel,268505179,,-1000,,
0.0,0,Insert,268506543,A,1000,140500.0,G
0.0,0,Cancel,268502331,,-2000,,
0.0,0,Cancel,268502203,,-780,,
0.0,0,Insert,268507479,B,790,140300.0,G
0.0,0,Cancel,268507479,,-790,,
0.0,0,Cancel,268503955,,-8000,,
0.0,0,Insert,268508907,B,8000,140300.0,G
0.0,0,Insert,268509983,B,790,140300.0,G
0.0,0,Cancel,268506543,,-1000,,
0.0,0,Insert,268510043,B,2000,140000.0,G
0.0,0,Insert,268512611,A,1000,140500.0,G
0.0,0,Cancel,268500499,,-1000,,
0.0,0,Insert,268514387,A,2000,141700.0,G
0.0,0,Cancel,268510043,,-2000,,
0.0,0,Cancel,268509983,,-790,,
0.0,0,Insert,268514763,B,800,140300.0,G
0.0,0,Insert,268515079,A,1000,140700.0,G
0.0,0,Cancel,268514763,,-800,,
0.0,0,Cancel,268508907,,-8000,,
0.0,0,Insert,268516595,A,800,140500.0,G
0.0,0,Cancel,268514387,,-2000,,
0.0,0,Insert,268516647,A,1000,140500.0,G
0.0,0,Insert,268516739,A,1000,140500.0,G
0.0,0,Cancel,268516595,,-800,,
0.0,0,Cancel,268516647,,-1000,,
0.0,0,Cancel,268516739,,-1000,,
0.0,0,Insert,268517419,A,800,140500.0,G
0.0,0,Cancel,268517419,,-800,,
0.0,0,Insert,268517487,A,1000,140500.0,G
0.0,0,Insert,268517503,A,1000,140800.0,G
0.0,0,Insert,268517515,A,1000,140500.0,G
0.0,0,Insert,268517531,A,180,140500.0,G
0.0,0,Cancel,268497883,,-2000,,
0.0,0,Insert,268517535,B,2000,106400.0,G
0.0,0,Insert,268517543,A,1560,140400.0,G
0.0,0,Insert,268517547,A,2000,175000.0,G
0.0,0,Insert,268517551,B,1000,139700.0,G
0.0,0,Insert,268517555,A,1000,140500.0,G
0.0,0,Cancel,268517487,,-1000,,
0.0,0,Insert,268517559,A,1000,140400.0,G
0.0,0,Cancel,268503795,,-1000,,
0.0,0,Cancel,268501831,,-1000,,
0.0,0,Insert,268517579,A,1000,140400.0,G
0.0,0,Cancel,268517503,,-1000,,
0.0,0,Insert,268517595,B,1000,140200.0,G
0.0,0,Cancel,268517531,,-180,,
0.0,0,Cancel,268517543,,-1560,,
0.0,0,Cancel,268517559,,-1000,,
0.0,0,Cancel,268517579,,-1000,,
0.0,0,Insert,268517843,B,1000,140300.0,G
0.0,0,Insert,268517847,B,520,140300.0,G
0.0,0,Insert,268517855,B,800,140300.0,G
0.0,0,Insert,268517863,B,1000,140300.0,G
0.0,0,Insert,268517875,A,2000,141400.0,G
0.013928,1,Insert,1,B,50,140300.0,G
0.014072,1,Insert,2,A,50,140500.0,G
0.014382,1,Insert,2,B,33,140200.0,G
0.014988,1,Insert,3,A,33,140600.0,G
0.015058,1,Insert,1,B,14,139800.0,G
0.015111,1,Insert,2,A,14,141400.0,G
0.015218,1,Insert,1,B,33,140100.0,G
0.015435,1,Insert,2,A,33,140700.0,G
0.015503,1,Insert,1,B,45,140200.0,G
0.015733,1,Insert,2,A,45,140600.0,G
0.015787,1,Insert,1,B,8,139800.0,G
0.015834,1,Insert,2,A,13,170100.0,G
0.016051,1,Insert,1,B,50,140300.0,G
0.016107,1,Insert,2,A,50,140500.0,G
0.201557,1,Insert,5096556,B,35,139300.0,G
0.287023,1,Insert,7016897,A,10000,141000.0,G
0.287023,1,Insert,7016898,B,10000,139800.0,G
0.296241,1,Insert,1,B,20,140300.0,G
0.29634,1,Insert,2,A,20,140500.0,G
0.296415,0,Cancel,1,,-8,,
0.297021,1,Insert,3,B,8,139800.0,G
0.297079,0,Cancel,2,,-13,,
0.297115,1,Insert,4,A,13,170100.0,G
0.313345,0,Insert,268517879,B,1000,140300.0,G
0.313346,0,Cancel,7016897,,-10000,,
0.313346,0,Cancel,7016898,,-10000,,
0.313346,1,Insert,7016899,A,10000,141000.0,G
0.313346,1,Insert,7016900,B,10000,139800.0,G
0.313347,0,Insert,268517883,A,1000,140500.0,G
0.314456,0,Cancel,268517855,,-800,,
0.314489,0,Insert,268517971,B,1000,140300.0,G
0.316704,0,Cancel,268517555,,-1000,,
0.317423,0,Cancel,268517847,,-520,,
0.318042,0,Insert,268518103,A,800,140500.0,G
0.318069,0,Cancel,268517879,,-1000,,
0.318069,0,Cancel,268517971,,-1000,,
0.318091,0,Cancel,268517595,,-1000,,
0.318097,0,Cancel,268517863,,-1000,,
0.318635,0,Cancel,268515079,,-1000,,
0.318681,0,Insert,268518159,A,1000,140500.0,G
0.318762,0,Insert,268518167,B,1000,140200.0,G
0.318858,0,Cancel,268518167,,-1000,,
0.31895,0,Insert,268518191,B,1000,140000.0,G
0.318967,0,Insert,268518195,A,1000,140400.0,G
0.318991,0,Insert,268518199,A,1000,140400.0,G
0.319002,0,Insert,268518203,A,1000,140400.0,G
0.319008,0,Insert,268518207,A,8000,140400.0,G
0.31903,0,Cancel,268517875,,-2000,,
0.319054,0,Cancel,268517883,,-1000,,
0.319246,0,Cancel,268518191,,-1000,,
0.319499,0,Cancel,268504827,,-1000,,
0.319499,0,Insert,268518295,B,1000,140200.0,G
0.319519,0,Cancel,268517843,,-1000,,
0.319591,0,Cancel,268518195,,-1000,,
0.320035,0,Insert,268518475,B,1000,140200.0,G
0.321246,0,Cancel,268518475,,-1000,,
0.32135,0,Insert,268518679,B,1000,140200.0,G
0.321402,0,Insert,268518711,A,1000,140700.0,G
0.321544,0,Insert,268518715,B,8000,140300.0,G
0.321553,0,Cancel,268518295,,-1000,,
0.321553,0,Insert,268518723,B,1000,140300.0,G
0.321576,0,Cancel,268518203,,-1000,,
0.321576,0,Cancel,268518103,,-800,,
0.321592,0,Cancel,268518207,,-8000,,
0.32183,0,Insert,268518807,B,1000,140300.0,G
0.323589,0,Cancel,268518679,,-1000,,
0.323616,0,Cancel,268518807,,-1000,,
0.324033,0,Insert,268519179,B,1000,140200.0,G
0.324696,0,Cancel,268518715,,-8000,,
0.324983,0,Insert,268519267,B,8000,140300.0,G
0.326256,0,Insert,268519327,A,1000,140600.0,G
0.327415,0,Insert,268519627,A,1000,140800.0,G
0.327669,0,Cancel,268519267,,-8000,,
0.327739,0,Cancel,268519179,,-1000,,
0.328225,0,Insert,268519747,B,1000,140200.0,G
0.328241,0,Insert,268519751,A,1000,140400.0,G
0.328416,0,Cancel,268519627,,-1000,,
0.328817,0,Cancel,268519747,,-1000,,
0.329422,0,Insert,268519835,B,1000,139300.0,G
0.330761,0,Insert,268519891,B,7000,132400.0,G
0.331427,0,Insert,268519927,A,8000,140400.0,G
0.33174,0,Cancel,268518723,,-1000,,
0.334128,0,Cancel,268519927,,-8000,,
0.334357,0,Insert,268520135,B,1000,140200.0,G
0.334495,0,Cancel,268519751,,-1000,,
0.353319,0,Insert,268521479,A,1000,140700.0,G
0.353623,0,Cancel,268521479,,-1000,,
0.359013,0,Cancel,268520135,,-1000,,
0.360384,0,Insert,268523051,B,1000,139000.0,G
0.3635,0,Insert,268523243,A,8000,140400.0,G
0.363525,0,Insert,268523247,A,1000,140400.0,G
0.36356,0,Insert,268523255,A,1000,140800.0,G
0.363666,0,Insert,268523271,A,1000,140400.0,G
0.368393,0,Insert,268523599,A,1000,140700.0,G
0.36855,0,Cancel,268523247,,-1000,,
0.368685,0,Cancel,268523599,,-1000,,
0.369864,0,Insert,268523643,B,1000,140300.0,G
0.370085,0,Insert,268523647,B,1000,140200.0,G
0.370133,0,Cancel,268523271,,-1000,,
0.371562,0,Insert,268523707,B,2000,140300.0,G
0.372701,0,Cancel,268523243,,-8000,,
0.373079,0,Insert,268523771,A,1000,140600.0,G
0.374434,0,Insert,268523871,A,8000,140400.0,G
0.374497,0,Cancel,268523647,,-1000,,
0.375697,0,Cancel,268523871,,-8000,,
0.378494,0,Insert,268524839,B,1000,140200.0,G
0.379499,0,Insert,268525023,B,1000,140300.0,G
0.379921,0,Cancel,268503967,,-1000,,
0.412475,0,Insert,268527803,A,1000,141900.0,G
0.413645,0,Cancel,268518159,,-1000,,
0.413645,0,Insert,268527819,A,1000,140400.0,G
0.427438,0,Insert,268528579,A,2000,140700.0,G
0.484717,0,Cancel,268524839,,-1000,,
0.496267,0,Insert,268530539,B,1000,140200.0,G
0.497412,0,Cancel,268530539,,-1000,,
0.499461,0,Cancel,7016899,,-10000,,
0.499461,0,Cancel,7016900,,-10000,,
0.499461,1,Insert,7016901,A,10000,141000.0,G
0.499461,1,Insert,7016902,B,10000,139800.0,G
0.50871,0,Insert,268530907,A,1000,141000.0,G
0.509994,0,Insert,268531439,A,1000,161500.0,G
0.518267,0,Insert,268531991,B,800,140300.0,G
0.518279,0,Insert,268532003,B,1000,140200.0,G
0.518356,0,Cancel,268527803,,-1000,,
0.518407,0,Insert,268532043,B,8000,140300.0,G
0.519389,0,Cancel,268531991,,-800,,
0.52113,0,Cancel,2,,-50,,
0.521408,0,Cancel,1,,-14,,
0.521447,0,Cancel,2,,-14,,
0.52148,1,Insert,3,B,14,139700.0,G
0.522018,0,Cancel,268532043,,-8000,,
0.522409,1,Insert,4,A,14,140600.0,G
0.522752,0,Cancel,3,,-33,,
0.522811,1,Insert,6,A,33,140500.0,G
0.522895,0,Cancel,2,,-33,,
0.522938,1,Insert,3,A,33,140600.0,G
0.523046,1,Insert,3,B,20,140300.0,G
0.523093,1,Insert,4,A,20,140400.0,G
0.523148,0,Cancel,2,,-45,,
0.523205,0,Cancel,3,,-8,,
0.523238,1,Insert,5,B,10,139700.0,G
0.523277,0,Cancel,4,,-13,,
0.524019,1,Insert,6,A,13,140800.0,G
0.524158,1,Insert,3,A,45,140500.0,G
0.530197,0,Insert,268532531,B,790,140300.0,G
0.530518,0,Insert,268532551,B,8000,140300.0,G
0.53052,0,Cancel,268512611,,-1000,,
0.530734,0,Insert,268532579,A,1000,140500.0,G
0.530922,0,Insert,268532595,B,1000,140300.0,G
0.542056,0,Cancel,268532551,,-8000,,
0.54209,0,Cancel,268532595,,-1000,,
0.558642,0,Cancel,268532579,,-1000,,
0.560998,0,Cancel,268523771,,-1000,,
0.562469,0,Insert,268533919,A,1000,141900.0,G
0.563224,0,Insert,268533931,A,1000,140500.0,G
0.563403,0,Cancel,268532531,,-790,,
0.569856,0,Insert,268534299,B,8000,140300.0,G
0.56998,0,Insert,268534315,B,790,140300.0,G
0.570063,0,Cancel,268533931,,-1000,,
0.570262,0,Cancel,268533919,,-1000,,
0.574969,0,Cancel,268528579,,-2000,,
0.622425,0,Insert,268536163,A,1000,142000.0,G
0.635921,0,Insert,268536423,A,1000,140500.0,G
0.652923,0,Cancel,268536423,,-1000,,
0.667901,0,Cancel,268517515,,-1000,,
0.675779,0,Insert,268537231,A,2000,141700.0,G
0.736473,0,Insert,268538787,B,1000,140300.0,G
0.736578,0,Cancel,268538787,,-1000,,
0.737735,0,Cancel,268534315,,-790,,
0.737764,0,Cancel,268534299,,-8000,,
0.772412,0,Cancel,268536163,,-1000,,
0.772452,0,Insert,268539939,A,1000,141900.0,G
0.782284,0,Cancel,268537231,,-2000,,
0.782436,0,Cancel,268525023,,-1000,,
0.782454,0,Insert,268540263,A,1000,140500.0,G
0.782526,0,Insert,268540271,A,2000,140700.0,G
0.784717,0,Cancel,7016901,,-10000,,
0.784717,0,Cancel,7016902,,-10000,,
0.784717,1,Insert,7016903,A,10000,141000.0,G
0.784717,1,Insert,7016904,B,10000,139800.0,G
0.800938,1,Insert,3,A,50,140400.0,G
0.8011,0,Cancel,3,,-14,,
0.801679,1,Insert,5,B,14,139800.0,G
0.802116,1,Insert,5,B,20,140300.0,G
0.802184,1,Insert,6,A,20,140400.0,G
0.802248,0,Cancel,5,,-10,,
0.802289,1,Insert,7,B,9,139800.0,G
0.802328,0,Cancel,6,,-13,,
0.802359,1,Insert,8,A,13,140800.0,G
0.831326,0,Cancel,268503963,,-1000,,
0.832825,0,Insert,268541531,A,1000,164300.0,G
0.832851,0,Insert,268541535,A,1000,170000.0,G
0.867979,0,Insert,268541955,A,1000,140600.0,G
0.877512,0,Cancel,268540263,,-1000,,
0.877537,0,Insert,268542443,B,1000,96000.0,G
0.877652,0,Insert,268542459,B,8000,140300.0,G
0.877701,0,Insert,268542475,B,790,140300.0,G
0.877795,0,Cancel,268542475,,-790,,
0.877822,0,Insert,268542503,A,1000,140500.0,G
0.877839,0,Cancel,268542459,,-8000,,
0.87785,0,Insert,268542515,B,2000,139100.0,G
0.889179,0,Cancel,268504379,,-1000,,
0.889305,0,Cancel,268504831,,-1000,,
0.889308,0,Insert,268542895,A,1000,140400.0,G
0.900275,0,Insert,268543091,B,20,35000.0,G
0.917291,0,Cancel,268532003,,-1000,,
0.922427,0,Insert,268543607,B,1000,138700.0,G
0.946093,0,Insert,268544091,A,8000,140400.0,G
0.946203,0,Insert,268544099,B,1000,140200.0,G
0.946221,0,Cancel,268542895,,-1000,,
0.946346,0,Cancel,268543607,,-1000,,
0.946676,0,Cancel,268544091,,-8000,,
0.946709,0,Cancel,268542503,,-1000,,
0.946729,0,Insert,268544147,B,790,140300.0,G
0.94676,0,Cancel,268539939,,-1000,,
0.947208,0,Insert,268544203,A,1000,140500.0,G
0.947255,0,Cancel,268542515,,-2000,,
0.947339,0,Insert,268544219,B,8000,140300.0,G
0.947347,0,Insert,268544223,B,1000,140300.0,G
0.947547,0,Cancel,268544203,,-1000,,
0.947637,0,Insert,268544231,B,1000,140000.0,G
0.947668,0,Insert,268544243,B,1000,140100.0,G
0.947932,0,Cancel,268544231,,-1000,,
0.970294,0,Insert,268544771,B,1000,140300.0,G
0.970342,0,Insert,268544779,B,1000,138800.0,G
0.970624,0,Insert,268544807,B,1000,140000.0,G
0.971595,0,Cancel,268541955,,-1000,,
0.978767,0,Cancel,268523255,,-1000,,
0.978794,0,Insert,268544959,B,2000,140100.0,G
0.978809,0,Insert,268544963,B,1000,139800.0,G
0.981465,0,Cancel,268504823,,-8000,,
0.981507,0,Insert,268545115,B,1000,140300.0,G
0.981513,0,Cancel,268540271,,-2000,,
0.981568,0,Insert,268545127,B,1000,140000.0,G
0.98172,0,Insert,268545143,A,2000,140500.0,G
0.981968,0,Insert,6206559,B,1000,140400.0,F
0.981968,0,Insert,6206560,B,1000,140400.0,F
0.98197,0,Cancel,268545143,,-2000,,
0.981974,0,Insert,268545243,B,2000,140000.0,G
0.981987,0,Insert,268545251,B,1000,140300.0,G
0.981991,0,Insert,268545255,B,520,140300.0,G
0.981995,0,Cancel,268545127,,-1000,,
0.982004,0,Insert,268545259,A,4000,140700.0,G
0.98201,0,Insert,268545267,B,1000,140300.0,G
0.982032,0,Cancel,5,,-14,,
0.982057,0,Insert,268545291,B,1000,140000.0,G
0.982061,0,Insert,268545299,A,1000,140600.0,G
0.982125,0,Insert,268545359,A,2000,141400.0,G
0.982125,0,Insert,268545363,A,2000,141500.0,G
0.982131,0,Insert,268545371,B,130,140300.0,G
0.982279,0,Insert,268545431,B,1620,140300.0,G
0.982292,0,Insert,268545439,B,1000,140400.0,G
0.982309,0,Cancel,268545251,,-1000,,
0.982309,0,Insert,268545447,B,1000,140400.0,G
0.982309,0,Cancel,268545267,,-1000,,
0.982309,0,Insert,268545451,B,1000,140400.0,G
0.98231,0,Insert,268545459,A,1000,140800.0,G
0.982327,0,Insert,268545475,B,8000,140400.0,G
0.982327,0,Insert,268545479,B,780,140400.0,G
0.982329,0,Insert,268545487,B,3000,140100.0,G
0.982366,0,Cancel,268545479,,-780,,
0.982411,0,Insert,268545527,A,1000,140600.0,G
0.982413,0,Cancel,268517535,,-2000,,
0.982413,0,Insert,268545531,B,2000,106500.0,G
0.982417,0,Cancel,268517551,,-1000,,
0.982422,0,Insert,268545543,B,1000,140400.0,G
0.982433,0,Cancel,268517547,,-2000,,
0.982433,0,Insert,268545547,A,2000,175100.0,G
0.982554,0,Insert,268545615,B,780,140400.0,G
0.982562,0,Insert,268545627,A,1000,140600.0,G
0.982597,0,Insert,268545639,A,1000,140600.0,G
0.982638,0,Cancel,268545615,,-780,,
0.982652,0,Cancel,268519327,,-1000,,
0.982652,0,Insert,268545711,B,1000,140100.0,G
0.983046,0,Cancel,268545711,,-1000,,
0.983267,0,Cancel,268545451,,-1000,,
0.983455,1,Insert,6,B,14,140100.0,G
0.983927,0,Cancel,268545371,,-130,,
0.983938,0,Cancel,268545639,,-1000,,
0.983941,0,Cancel,268545439,,-1000,,
0.984059,0,Insert,268546107,A,780,140600.0,G
0.984366,0,Insert,268546135,A,1000,141100.0,G
0.985204,1,Insert,7,B,20,140300.0,G
0.985276,1,Insert,8,A,20,140400.0,G
0.985338,0,Cancel,7,,-9,,
0.985373,1,Insert,9,B,14,140200.0,G
0.985412,0,Cancel,8,,-13,,
0.985443,1,Insert,10,A,12,140800.0,G
0.985521,0,Cancel,1,,-33,,
0.985704,0,Cancel,268545475,,-8000,,
0.985907,0,Insert,268546287,B,1000,140400.0,G
0.986111,0,Cancel,268545255,,-520,,
0.986303,0,Cancel,268545431,,-1620,,
0.99014,0,Cancel,268545627,,-1000,,
0.990146,0,Cancel,268546107,,-780,,
0.990148,0,Insert,268546359,B,790,140400.0,G
0.990248,0,Insert,268546371,A,1000,140600.0,G
0.990277,0,Cancel,268544223,,-1000,,
0.99028,0,Insert,268546379,B,1000,140400.0,G
0.990458,0,Insert,268546431,B,8000,140400.0,G
0.995711,0,Cancel,268546431,,-8000,,
0.996028,0,Cancel,268523707,,-2000,,
0.996758,0,Insert,268546747,B,2000,140400.0,G
0.997787,0,Cancel,268542443,,-1000,,
1.005229,0,Insert,268546915,B,8000,140400.0,G
1.005252,0,Cancel,268503959,,-1000,,
1.006087,0,Cancel,268546371,,-1000,,
1.006096,0,Insert,268547059,B,1000,140400.0,G
1.006159,0,Insert,268547083,B,1000,140100.0,G
1.006163,0,Cancel,268545527,,-1000,,
1.006232,0,Cancel,268545259,,-4000,,
1.007161,0,Cancel,268547059,,-1000,,
1.007169,0,Insert,268547175,A,2000,140600.0,G
1.007409,0,Cancel,268547083,,-1000,,
1.012432,0,Cancel,268544779,,-1000,,
1.015975,0,Insert,268547503,A,1000,140600.0,G
1.016678,0,Cancel,268546915,,-8000,,
1.023539,0,Insert,268547747,A,790,140600.0,G
1.023767,0,Cancel,268546359,,-790,,
1.02404,0,Cancel,268547747,,-790,,
1.024041,0,Insert,268547831,B,790,140400.0,G
1.024469,0,Insert,268547919,A,2000,140700.0,G
1.024594,0,Cancel,268546379,,-1000,,
1.024603,0,Cancel,268547831,,-790,,
1.024603,0,Insert,268547943,A,790,140600.0,G
1.024643,0,Cancel,268546287,,-1000,,
1.031326,0,Cancel,268545115,,-1000,,
1.031351,0,Insert,268548147,B,1000,110800.0,G
1.03138,0,Insert,268548159,B,1000,96200.0,G
1.03138,0,Insert,268548163,A,8000,140600.0,G
1.031388,0,Insert,268548167,A,1000,140600.0,G
1.032423,0,Insert,268548255,B,1000,140400.0,G
1.032447,0,Insert,268548259,A,1000,184800.0,G
1.042695,0,Insert,268548563,A,40000,143000.0,G
1.053924,0,Insert,268548815,B,580,140300.0,G
1.082043,0,Insert,268549475,A,2000,140800.0,G
1.111247,0,Cancel,7016903,,-10000,,
1.111247,0,Cancel,7016904,,-10000,,
1.111247,1,Insert,7016905,A,10000,141100.0,G
1.111247,1,Insert,7016906,B,10000,139900.0,G
1.132423,0,Insert,268550367,B,1000,138900.0,G
1.178979,0,Insert,268551059,B,2000,140200.0,G
1.192423,0,Insert,268551439,A,1000,142000.0,G
1.240647,0,Cancel,268544771,,-1000,,
1.24098,0,Insert,268552499,A,1000,140500.0,G
1.241006,0,Cancel,268547919,,-2000,,
1.241009,0,Insert,268552511,A,1000,140500.0,G
1.241016,0,Insert,268552515,A,3000,140700.0,G
1.241061,0,Cancel,268545299,,-1000,,
1.254359,0,Cancel,268548815,,-580,,
1.256435,0,Cancel,268545363,,-2000,,
1.258094,0,Cancel,268544963,,-1000,,
1.264786,0,Insert,268552935,A,8000,140500.0,G
1.264816,0,Cancel,268545291,,-1000,,
1.271642,0,Cancel,268552935,,-8000,,
1.271938,0,Insert,268553219,B,1000,140300.0,G
1.282174,0,Insert,268553531,A,2000,141700.0,G
1.310778,0,Cancel,1,,-50,,
1.310869,0,Cancel,3,,-50,,
1.31118,0,Cancel,2,,-33,,
1.311233,0,Cancel,6,,-33,,
1.311263,1,Insert,10,B,33,140300.0,G
1.311324,1,Insert,11,A,33,140600.0,G
1.311666,0,Cancel,6,,-14,,
1.311723,0,Cancel,4,,-14,,
1.311754,1,Insert,7,B,14,140200.0,G
1.311795,1,Insert,8,A,14,140700.0,G
1.311862,0,Cancel,3,,-33,,
1.312072,1,Insert,4,B,33,140200.0,G
1.312116,1,Insert,5,A,33,140700.0,G
1.312221,1,Insert,4,B,50,140400.0,G
1.312718,1,Insert,5,A,50,140500.0,G
1.312802,0,Cancel,8,,-10,,
1.312834,1,Insert,9,B,20,140300.0,G
1.312873,1,Insert,10,A,20,140500.0,G
1.312944,0,Cancel,1,,-45,,
1.31318,0,Cancel,3,,-45,,
1.313234,0,Cancel,9,,-14,,
1.313459,1,Insert,11,B,14,140300.0,G
1.313504,0,Cancel,10,,-12,,
1.313536,1,Insert,12,A,14,141000.0,G
1.313598,0,Cancel,1,,-50,,
1.313801,0,Cancel,2,,-50,,
1.313832,1,Insert,3,B,50,140400.0,G
1.313874,1,Insert,4,A,50,140600.0,G
1.314006,1,Insert,6,B,37,140400.0,G
1.314068,1,Insert,4,B,45,140300.0,G
1.314109,1,Insert,5,A,45,140600.0,G
1.31492,0,Insert,268554639,A,1000,140500.0,G
1.314941,0,Cancel,268548159,,-1000,,
1.334234,0,Cancel,268553219,,-1000,,
1.334259,0,Insert,268555431,B,1000,96100.0,G
1.334266,0,Cancel,268548255,,-1000,,
1.334354,0,Insert,268555451,A,8000,140500.0,G
1.362575,0,Insert,268555807,B,1000,140300.0,G
1.362598,0,Cancel,268541535,,-1000,,
1.398077,0,Insert,268556355,A,130,140600.0,G
1.398102,0,Insert,268556359,A,1000,170100.0,G
1.400713,0,Cancel,7016905,,-10000,,
1.400713,0,Cancel,7016906,,-10000,,
1.400713,1,Insert,7016907,A,10000,141000.0,G
1.400713,1,Insert,7016908,B,10000,139800.0,G
1.408161,0,Cancel,268555807,,-1000,,
1.408244,0,Cancel,268548167,,-1000,,
1.408246,0,Insert,268556547,A,1000,140500.0,G
1.4085,0,Cancel,268545487,,-3000,,
1.408511,0,Cancel,268551059,,-2000,,
1.408511,0,Insert,268556555,B,2000,139200.0,G
1.408594,0,Cancel,268555451,,-8000,,
1.408703,0,Cancel,268544219,,-8000,,
1.408838,0,Insert,268556651,A,8000,140500.0,G
1.408986,0,Cancel,268550367,,-1000,,
1.421105,0,Insert,268557383,B,8000,140300.0,G
1.421983,0,Insert,268557391,B,1000,140300.0,G
1.421986,0,Insert,268557395,A,1000,140500.0,G
1.42245,0,Insert,268557403,B,1000,139800.0,G
1.422917,0,Cancel,268557391,,-1000,,
1.430134,0,Insert,268557527,B,1000,140300.0,G
1.450558,0,Insert,6206972,A,1000,140400.0,F
1.450578,0,Insert,268557939,A,1000,140500.0,G
1.450581,0,Insert,6206973,A,1000,140400.0,F
1.450581,0,Insert,6206974,A,2000,140400.0,F
1.450583,0,Cancel,268557527,,-1000,,
1.450606,0,Insert,268557947,A,520,140500.0,G
1.450606,0,Cancel,268548147,,-1000,,
1.450607,0,Cancel,268548259,,-1000,,
1.450616,0,Insert,268557955,B,1000,140300.0,G
1.450653,0,Insert,268557959,B,1000,140300.0,G
1.450654,0,Cancel,268557939,,-1000,,
1.450668,0,Insert,268557963,A,1000,140500.0,G
1.450687,0,Cancel,268557963,,-1000,,
1.450694,0,Insert,268557967,B,1000,139700.0,G
1.450937,0,Insert,268557983,B,2000,139400.0,G
1.450941,0,Cancel,268545531,,-2000,,
1.450941,0,Insert,268557987,B,2000,106400.0,G
1.451434,0,Insert,268558019,B,2000,140300.0,G
1.454724,0,Cancel,268557947,,-520,,
1.455024,0,Cancel,5,,-33,,
1.471867,0,Insert,268558391,B,1000,140300.0,G
1.471897,0,Cancel,268556651,,-8000,,
1.471941,0,Cancel,268557395,,-1000,,
1.472074,0,Insert,268558407,B,1000,140000.0,G
1.472375,0,Cancel,268556547,,-1000,,
1.483244,0,Cancel,268547943,,-790,,
1.483246,0,Cancel,268552499,,-1000,,
1.483295,0,Insert,268558679,B,1000,138900.0,G
1.524924,0,Cancel,6,,-37,,
1.525231,0,Cancel,7,,-14,,
1.525274,1,Insert,9,B,14,140100.0,G
1.525525,0,Cancel,4,,-33,,
1.525575,1,Insert,6,B,33,140100.0,G
1.525618,1,Insert,7,A,33,140700.0,G
1.525934,0,Cancel,10,,-33,,
1.525989,1,Insert,13,B,33,140200.0,G
1.526097,0,Cancel,4,,-45,,
1.526155,1,Insert,11,B,20,140300.0,G
1.526369,1,Insert,12,A,10,140500.0,G
1.526448,0,Cancel,11,,-14,,
1.526486,1,Insert,13,B,14,140100.0,G
1.526716,0,Cancel,12,,-14,,
1.526745,1,Insert,14,A,11,141000.0,G
1.526818,1,Insert,6,B,45,140200.0,G
1.652129,0,Insert,268561531,A,1000,140500.0,G
1.652155,0,Insert,268561535,B,1000,110700.0,G
1.65216,0,Cancel,268557959,,-1000,,
1.652179,0,Insert,268561539,A,1000,184700.0,G
1.652393,0,Cancel,268561531,,-1000,,
1.652412,0,Insert,268561559,B,1000,140300.0,G
1.6785,0,Cancel,7016907,,-10000,,
1.6785,0,Cancel,7016908,,-10000,,
1.6785,1,Insert,7016909,A,10000,141000.0,G
1.6785,1,Insert,7016910,B,10000,139800.0,G
1.725467,0,Insert,268562751,B,580,140300.0,G
1.726157,0,Insert,268562759,B,580,140300.0,G
1.741917,0,Insert,268562891,A,1000,140500.0,G
1.741947,0,Cancel,268561559,,-1000,,
1.742017,0,Cancel,268558391,,-1000,,
1.742145,0,Insert,268562907,B,1000,140300.0,G
1.742175,0,Insert,268562911,B,1000,140300.0,G
1.742186,1,Insert,7,B,37,140300.0,G
1.743751,0,Cancel,13,,-14,,
1.74381,1,Insert,15,B,14,140100.0,G
1.743861,0,Cancel,14,,-11,,
1.744074,1,Insert,16,A,11,141000.0,G
1.744324,0,Cancel,268558407,,-1000,,
1.751666,0,Cancel,268562911,,-1000,,
1.754925,0,Insert,268563239,B,1000,140000.0,G
1.776208,1,Insert,5096557,B,125,141900.0,G
1.82872,0,Insert,268565543,B,1000,140300.0,G
1.83655,0,Cancel,268562891,,-1000,,
1.870951,0,Cancel,268562907,,-1000,,
1.883806,0,Insert,268566395,B,1000,140300.0,G
1.883841,0,Cancel,268551439,,-1000,,
1.884989,0,Insert,268566431,A,780,141200.0,G
1.922255,0,Cancel,268552515,,-3000,,
1.94242,0,Insert,268567451,A,1000,142000.0,G
1.979057,0,Cancel,268547503,,-1000,,
1.979137,0,Insert,268567991,B,8000,140400.0,G
1.979164,0,Cancel,268557983,,-2000,,
1.979167,0,Insert,268567999,A,1000,140600.0,G
1.979167,0,Cancel,268557967,,-1000,,
1.979169,0,Insert,268568003,B,790,140400.0,G
1.979178,0,Insert,268568007,B,1000,140400.0,G
1.979182,0,Insert,268568019,B,3000,140200.0,G
1.979223,0,Cancel,268557987,,-2000,,
1.979223,0,Insert,268568027,B,2000,106500.0,G
1.979261,0,Cancel,268567999,,-1000,,
1.979343,0,Insert,268568059,B,1000,140100.0,G
1.979373,0,Insert,268568067,A,1000,140600.0,G
1.979437,0,Cancel,268568067,,-1000,,
1.979486,0,Cancel,268557955,,-1000,,
1.979492,0,Insert,268568095,B,1000,140400.0,G
1.979641,0,Cancel,268568059,,-1000,,
1.979738,0,Insert,268568175,B,1000,140400.0,G
1.979824,0,Cancel,268556555,,-2000,,
1.979824,0,Insert,268568195,B,2000,140200.0,G
1.979982,0,Cancel,268549475,,-2000,,
1.980179,0,Amend,268548563,,-20000,,
1.980496,0,Cancel,268548563,,-20000,,
1.980686,0,Insert,268568407,B,1000,140400.0,G
1.980689,0,Insert,268568411,B,210,140400.0,G
1.980691,0,Insert,268568415,B,1000,140400.0,G
1.980741,0,Cancel,268568407,,-1000,,
1.980773,0,Cancel,268567451,,-1000,,
1.984715,0,Cancel,268568411,,-210,,
1.986236,0,Cancel,268568175,,-1000,,
1.996923,1,Insert,8,A,75,140500.0,G
1.997969,0,Cancel,7016909,,-10000,,
1.997969,0,Cancel,7016910,,-10000,,
1.997969,1,Insert,7016911,A,10000,141000.0,G
1.997969,1,Insert,7016912,B,10000,139800.0,G
1.998773,1,Insert,13,B,20,140300.0,G
1.998862,0,Cancel,15,,-14,,
1.998905,1,Insert,17,B,14,140200.0,G
1.998945,0,Cancel,16,,-11,,
1.998973,1,Insert,18,A,11,141000.0,G
2.004058,0,Cancel,268568415,,-1000,,
2.005367,0,Cancel,268565543,,-1000,,
2.010306,0,Cancel,268518711,,-1000,,
2.010309,0,Insert,268569371,A,1000,140900.0,G
2.021065,0,Insert,268569683,A,1000,140700.0,G
2.067209,0,Cancel,268561535,,-1000,,
2.06963,1,Insert,5096558,B,3,140500.0,G
2.080436,0,Insert,268570695,A,2000,141800.0,G
2.080461,0,Insert,268570699,B,1000,110800.0,G
2.092456,0,Insert,268570931,A,1000,142100.0,G
2.101414,1,Insert,5096559,B,6,140200.0,G
2.195089,0,Insert,268572243,A,1000,140600.0,G
2.195111,0,Cancel,268561539,,-1000,,
2.216184,0,Cancel,268562751,,-580,,
2.216208,0,Insert,268572415,A,1000,184800.0,G
2.218643,0,Cancel,268562759,,-580,,
2.223299,0,Cancel,7,,-37,,
2.223621,0,Cancel,13,,-33,,
2.223846,1,Insert,17,B,41,140300.0,G
2.223921,0,Cancel,6,,-33,,
2.223954,1,Insert,8,B,33,140200.0,G
2.224009,0,Cancel,9,,-14,,
2.224045,1,Insert,10,B,14,140200.0,G
2.224096,1,Insert,14,B,20,140400.0,G
2.224186,0,Cancel,6,,-45,,
2.224241,0,Cancel,17,,-14,,
2.224272,1,Insert,19,B,14,140300.0,G
2.22431,0,Cancel,18,,-11,,
2.224337,1,Insert,20,A,12,140900.0,G
2.224785,1,Insert,7,B,45,140300.0,G
2.232576,0,Cancel,268567991,,-8000,,
2.23268,0,Cancel,268570931,,-1000,,
2.232689,0,Insert,268572619,A,1000,142000.0,G
2.233115,0,Insert,268572643,B,8000,140400.0,G
2.243473,0,Insert,268572831,A,20000,143000.0,G
2.26429,0,Insert,268573079,A,20000,143000.0,G
2.282353,0,Cancel,268572643,,-8000,,
2.286675,0,Cancel,268572243,,-1000,,
2.295764,0,Insert,268573355,B,8000,140400.0,G
2.295873,0,Cancel,268572619,,-1000,,
2.295929,0,Insert,268573371,B,1000,140400.0,G
2.296279,0,Cancel,268573079,,-20000,,
2.296427,0,Cancel,268572831,,-20000,,
2.309389,0,Cancel,7016911,,-10000,,
2.309389,0,Cancel,7016912,,-10000,,
2.309389,1,Insert,7016913,A,10000,141000.0,G
2.309389,1,Insert,7016914,B,10000,139800.0,G
2.316836,0,Cancel,268573371,,-1000,,
2.318299,0,Insert,268573635,B,1000,140400.0,G
2.329492,0,Cancel,268573635,,-1000,,
2.340279,0,Insert,268573947,B,1000,140400.0,G
2.340312,0,Insert,268573951,B,1000,140400.0,G
2.340344,0,Cancel,268548163,,-8000,,
2.352754,0,Cancel,268573947,,-1000,,
2.352784,0,Cancel,268573951,,-1000,,
2.359535,0,Insert,268574235,B,1000,140400.0,G
2.359779,0,Insert,6207581,B,1000,140500.0,F
2.359779,0,Insert,6207582,B,1000,140500.0,F
2.359798,0,Insert,268574267,B,1000,140400.0,G
2.359802,0,Insert,268574271,B,520,140400.0,G
2.359803,0,Cancel,268556359,,-1000,,
2.359815,0,Insert,268574279,B,1000,140400.0,G
2.359817,0,Insert,268574283,A,1000,140600.0,G
2.35982,0,Insert,268574287,B,1000,140400.0,G
2.359843,0,Insert,268574295,A,1000,170200.0,G
2.359854,0,Insert,268574299,A,1000,140600.0,G
2.359886,0,Insert,268574307,B,1000,140100.0,G
2.360054,0,Insert,268574327,B,130,140400.0,G
2.36006,0,Insert,268574339,A,1000,140900.0,G
2.360066,0,Cancel,268547175,,-2000,,
2.360066,0,Insert,268574347,A,2000,141500.0,G
2.360182,0,Insert,268574363,B,1000,140500.0,G
2.360197,0,Cancel,268574267,,-1000,,
2.360197,0,Insert,268574371,B,1000,140500.0,G
2.360197,0,Cancel,268574279,,-1000,,
2.360197,0,Insert,268574375,B,1000,140500.0,G
2.360204,0,Cancel,268572415,,-1000,,
2.360214,0,Insert,268574383,B,780,140500.0,G
2.360229,0,Insert,268574403,B,3000,140300.0,G
2.360235,0,Cancel,268568019,,-3000,,
2.360242,0,Insert,268574411,A,1000,184900.0,G
2.360259,0,Cancel,268545547,,-2000,,
2.360259,0,Insert,268574419,A,2000,175200.0,G
2.360275,0,Cancel,268568027,,-2000,,
2.360275,0,Insert,268574423,B,2000,106600.0,G
2.360356,0,Cancel,268558019,,-2000,,
2.360563,0,Cancel,268574283,,-1000,,
2.360635,0,Insert,268574539,B,8000,140500.0,G
2.360876,0,Insert,268574691,B,1000,140500.0,G
2.361036,0,Insert,268574783,A,8000,141000.0,G
2.361162,0,Insert,6207609,B,130,140600.0,F
2.361162,0,Insert,6207610,B,1000,140600.0,F
2.36125,0,Insert,268574963,B,2000,140500.0,G
2.361256,0,Insert,268574971,B,1000,140500.0,G
2.361316,0,Insert,268575035,B,1000,140200.0,G
2.361364,0,Insert,268575079,B,1000,140500.0,G
2.361404,0,Cancel,268558679,,-1000,,
2.36146,0,Insert,268575167,A,1000,140700.0,G
2.36146,0,Cancel,268574971,,-1000,,
2.361526,0,Insert,268575239,B,1000,140500.0,G
2.361526,0,Insert,268575255,B,210,140500.0,G
2.361598,0,Insert,268575311,B,2000,140100.0,G
2.361631,0,Insert,268575363,A,2000,141600.0,G
2.361805,0,Cancel,268523051,,-1000,,
2.361805,0,Insert,268575519,B,1000,140100.0,G
2.361868,0,Insert,268575583,B,2000,140300.0,G
2.361887,0,Insert,268575607,B,1000,140500.0,G
2.361907,0,Cancel,268574963,,-2000,,
2.361923,0,Insert,268575651,B,1000,139900.0,G
2.361948,0,Cancel,268575607,,-1000,,
2.362176,0,Cancel,268568095,,-1000,,
2.362176,0,Insert,268575875,B,1000,140500.0,G
2.362688,0,Insert,268576451,A,1000,141700.0,G
2.362756,0,Insert,268576523,B,1000,140500.0,G
2.362775,0,Cancel,268575035,,-1000,,
2.362789,0,Insert,268576579,B,8000,140500.0,G
2.36289,0,Cancel,268574375,,-1000,,
2.363124,0,Insert,268576959,B,2000,140200.0,G
2.363332,0,Cancel,268576523,,-1000,,
2.363466,0,Insert,268577279,B,2000,140400.0,G
2.363503,0,Insert,268577311,B,1000,140500.0,G
2.363565,0,Cancel,268575239,,-1000,,
2.363906,0,Cancel,268577311,,-1000,,
2.363924,0,Cancel,268574271,,-520,,
2.364071,0,Cancel,268574327,,-130,,
2.364099,0,Insert,268577879,B,1000,140300.0,G
2.364482,0,Insert,268578163,A,1000,140700.0,G
2.364926,0,Insert,268578323,A,1000,141200.0,G
2.365434,0,Cancel,268575255,,-210,,
2.365975,0,Cancel,268577879,,-1000,,
2.366015,0,Insert,268578655,B,1000,140200.0,G
2.366212,0,Cancel,268576579,,-8000,,
2.367056,0,Cancel,268498071,,-1000,,
2.368227,0,Cancel,268578655,,-1000,,
2.368642,0,Insert,268579363,B,1000,140500.0,G
2.370328,0,Cancel,268578163,,-1000,,
2.372516,0,Insert,268579619,B,8000,140500.0,G
2.373195,0,Cancel,268569683,,-1000,,
2.373361,0,Cancel,268579619,,-8000,,
2.374902,0,Insert,268579799,B,1000,140200.0,G
2.375238,0,Cancel,268579799,,-1000,,
2.37563,0,Cancel,268574287,,-1000,,
2.376812,0,Cancel,268576959,,-2000,,
2.3772,0,Cancel,268574691,,-1000,,
2.38483,0,Insert,268580547,B,1000,139000.0,G
2.386395,0,Cancel,268575311,,-2000,,
2.386395,0,Insert,268580627,A,1000,140700.0,G
2.386781,0,Insert,268580659,A,8000,140800.0,G
2.39246,0,Insert,268580755,A,1000,142200.0,G
2.393394,0,Cancel,268579363,,-1000,,
2.393596,0,Cancel,268577279,,-2000,,
2.393596,0,Insert,268580799,B,2000,139300.0,G
2.393695,0,Insert,268580831,A,8000,140700.0,G
2.393806,0,Insert,268580843,A,1000,140700.0,G
2.393838,0,Cancel,268574539,,-8000,,
2.401908,0,Insert,268581391,B,8000,140500.0,G
2.401979,0,Cancel,268575875,,-1000,,
2.402189,0,Cancel,268580755,,-1000,,
2.404719,0,Cancel,268574403,,-3000,,
2.404899,0,Cancel,268574307,,-1000,,
2.40498,0,Cancel,268581391,,-8000,,
2.405315,0,Cancel,268580843,,-1000,,
2.405319,0,Insert,268581899,A,1000,140600.0,G
2.405347,0,Insert,268581903,A,1000,140600.0,G
2.405356,0,Insert,268581919,A,3000,140900.0,G
2.405374,0,Cancel,268575363,,-2000,,
2.4054,0,Cancel,268575167,,-1000,,
2.405413,0,Cancel,268574383,,-780,,
2.40547,0,Cancel,268581899,,-1000,,
2.405484,0,Insert,268581939,B,790,140500.0,G
2.414062,0,Cancel,268580799,,-2000,,
2.415336,0,Cancel,8,,-33,,
2.417446,0,Insert,268582719,B,8000,140500.0,G
2.417685,0,Insert,268582767,A,1000,142100.0,G
2.424698,0,Insert,268582915,B,1000,140500.0,G
2.425267,0,Cancel,268582915,,-1000,,
2.434081,0,Cancel,268582719,,-8000,,
2.443373,0,Cancel,268581939,,-790,,
2.443503,0,Insert,268583375,A,2000,140600.0,G
2.443539,0,Cancel,268574235,,-1000,,
2.443541,0,Cancel,268575583,,-2000,,
2.443541,0,Insert,268583387,B,2000,139300.0,G
2.443559,0,Insert,268583399,A,8000,140600.0,G
2.443574,0,Cancel,268574363,,-1000,,
2.443612,0,Cancel,268575079,,-1000,,
2.443637,0,Cancel,268574371,,-1000,,
2.443673,0,Insert,268583419,A,1000,140600.0,G
2.443688,0,Insert,268583427,B,1000,140400.0,G
2.443701,0,Insert,268583431,A,1000,140600.0,G
2.443715,0,Insert,268583439,B,1000,139800.0,G
2.443719,0,Insert,268583443,B,1000,140400.0,G
2.443745,0,Insert,268583447,B,2000,139500.0,G
2.443755,0,Cancel,268583431,,-1000,,
2.444031,0,Cancel,268575651,,-1000,,
2.444036,0,Insert,268583499,A,1000,140600.0,G
2.444129,0,Cancel,268583443,,-1000,,
2.444137,0,Cancel,268583499,,-1000,,
2.444139,0,Insert,268583527,A,1000,140600.0,G
2.444172,0,Insert,268583539,A,1000,140600.0,G
2.452803,0,Insert,268583859,A,1000,140600.0,G
2.452806,0,Cancel,268580547,,-1000,,
2.452927,0,Cancel,268583859,,-1000,,
2.454519,0,Insert,268584047,A,1000,140600.0,G
2.455333,0,Cancel,268584047,,-1000,,
2.46324,0,Insert,268584255,A,20000,143000.0,G
2.463391,0,Insert,268584259,A,2000,140900.0,G
2.499288,0,Insert,268584859,A,1000,140600.0,G
2.500191,0,Insert,268584927,A,1000,140700.0,G
2.504616,0,Cancel,268583527,,-1000,,
2.505059,0,Insert,268585091,A,1000,140900.0,G
2.506211,0,Cancel,268575519,,-1000,,
2.507183,0,Insert,268585163,A,1000,140600.0,G
2.507194,0,Cancel,268574423,,-2000,,
2.507194,0,Insert,268585167,B,2000,106500.0,G
2.507218,0,Insert,268585171,A,1000,140600.0,G
2.507247,0,Cancel,268573355,,-8000,,
2.513869,0,Insert,268585299,B,8000,140400.0,G
2.513909,0,Cancel,268585171,,-1000,,
2.515021,0,Insert,268585303,A,20000,143000.0,G
2.532238,0,Cancel,268585299,,-8000,,
2.532369,0,Insert,268585555,B,8000,140400.0,G
2.532415,0,Insert,268585559,B,1000,138900.0,G
2.544108,0,Insert,268585707,B,580,140400.0,G
2.544811,0,Insert,268585723,B,580,140400.0,G
2.546955,0,Cancel,8,,-72,,
2.547389,0,Cancel,11,,-8,,
2.547438,1,Insert,19,A,25,140700.0,G
2.547524,0,Cancel,7,,-33,,
2.547559,1,Insert,9,B,33,140200.0,G
2.547597,1,Insert,10,A,33,140800.0,G
2.547662,0,Cancel,8,,-14,,
2.547697,1,Insert,11,A,14,140800.0,G
2.548179,1,Insert,9,B,77,140400.0,G
2.548271,1,Insert,10,A,72,140600.0,G
2.548325,1,Insert,15,B,20,140400.0,G
2.54839,0,Cancel,5,,-45,,
2.548449,0,Cancel,19,,-14,,
2.548485,1,Insert,21,B,14,140300.0,G
2.548523,0,Cancel,20,,-12,,
2.548551,1,Insert,22,A,14,140900.0,G
2.548624,1,Insert,8,A,45,140700.0,G
2.588227,0,Cancel,268585555,,-8000,,
2.588418,0,Cancel,268582767,,-1000,,
2.588429,0,Insert,268586775,A,1000,142000.0,G
2.589016,0,Cancel,7016913,,-10000,,
2.589016,0,Cancel,7016914,,-10000,,
2.589016,1,Insert,7016915,A,10000,141100.0,G
2.589016,1,Insert,7016916,B,10000,139900.0,G
2.603744,0,Insert,268587079,A,2000,140800.0,G
2.603751,0,Insert,268587083,A,1000,140700.0,G
2.60376,0,Cancel,268570695,,-2000,,
2.603768,0,Cancel,268574411,,-1000,,
2.603847,0,Cancel,268583427,,-1000,,
2.603873,0,Insert,268587131,A,1000,184800.0,G
2.60389,0,Insert,268587135,A,1000,140600.0,G
2.603944,0,Cancel,268568003,,-790,,
2.60454,0,Insert,268587183,B,790,140400.0,G
2.6046,0,Insert,268587203,B,8000,140400.0,G
2.604686,0,Cancel,268586775,,-1000,,
2.60489,0,Insert,268587223,B,1000,140400.0,G
2.604942,0,Cancel,268587079,,-2000,,
2.604997,0,Cancel,268584859,,-1000,,
2.605254,0,Cancel,268585303,,-20000,,
2.606618,0,Insert,268587239,A,1000,140600.0,G
2.611669,0,Cancel,268587135,,-1000,,
2.615734,0,Cancel,268587203,,-8000,,
2.628337,0,Insert,268587535,A,20000,143000.0,G
2.632421,0,Insert,268587587,A,1000,142000.0,G
2.640877,0,Insert,268587743,A,1000,140900.0,G
2.661033,0,Cancel,268583419,,-1000,,
2.661033,0,Cancel,268583399,,-8000,,
2.661049,0,Insert,268587995,B,8000,140400.0,G
2.661056,0,Cancel,268555431,,-1000,,
2.661096,0,Cancel,268585163,,-1000,,
2.661121,0,Cancel,268587587,,-1000,,
2.661181,0,Cancel,268587239,,-1000,,
2.661394,0,Cancel,268584255,,-20000,,
2.661394,0,Cancel,268587535,,-20000,,
2.661918,0,Insert,268588043,A,1000,140600.0,G
2.667204,0,Insert,268588143,A,1000,140700.0,G
2.672013,0,Insert,268588183,A,20000,143000.0,G
2.67277,0,Cancel,268587995,,-8000,,
2.683515,0,Insert,268588283,A,8000,140600.0,G
2.683525,0,Insert,268588287,A,1000,140600.0,G
2.683541,0,Insert,268588291,B,1000,96200.0,G
2.683569,0,Insert,268588295,A,1000,140600.0,G
2.68368,0,Insert,268588299,B,8000,140400.0,G
2.690553,0,Cancel,268588043,,-1000,,
2.691773,0,Insert,268588543,A,1000,140600.0,G
2.707481,0,Insert,268588699,A,10,140600.0,G
2.709065,1,Insert,5096560,B,47,141100.0,G
2.722446,0,Insert,268588815,A,1000,142100.0,G
2.73189,0,Cancel,268588815,,-1000,,
2.738375,0,Cancel,21,,-14,,
2.738452,1,Insert,23,B,14,140300.0,G
2.73851,0,Cancel,22,,-14,,
2.73854,1,Insert,24,A,14,140900.0,G
2.746324,0,Cancel,268588299,,-8000,,
2.786856,0,Insert,268589711,A,1000,140600.0,G
2.791554,0,Cancel,268587183,,-790,,
2.792205,0,Cancel,268568007,,-1000,,
2.794451,0,Insert,268589939,B,800,140400.0,G
2.801938,0,Insert,268590087,A,20000,143000.0,G
2.806232,0,Insert,268590147,A,2000,141800.0,G
2.80835,0,Cancel,268589711,,-1000,,
2.812942,0,Insert,268590207,B,1000,140400.0,G
2.813014,0,Insert,268590215,B,8000,140400.0,G
2.813446,0,Cancel,268590087,,-20000,,
2.821783,0,Cancel,268590215,,-8000,,
2.822357,0,Insert,268590435,A,1000,140600.0,G
2.842441,0,Insert,268590695,A,1000,142100.0,G
2.866125,0,Cancel,268590435,,-1000,,
2.897594,0,Cancel,7016915,,-10000,,
2.897594,0,Cancel,7016916,,-10000,,
2.897594,1,Insert,7016917,A,10000,141100.0,G
2.897594,1,Insert,7016918,B,10000,139900.0,G
2.900464,0,Insert,268591443,B,8000,140400.0,G
2.99551,0,Cancel,268591443,,-8000,,
2.995727,0,Cancel,268589939,,-800,,
2.995929,0,Insert,268592803,A,1000,140600.0,G
2.996075,0,Insert,268592835,A,800,140600.0,G
3.00555,0,Insert,268593123,A,2000,140800.0,G
3.005564,0,Cancel,268590147,,-2000,,
3.005587,0,Cancel,268566395,,-1000,,
3.005711,0,Cancel,268587223,,-1000,,
3.005736,0,Cancel,268590207,,-1000,,
3.005878,0,Insert,268593175,B,1000,140300.0,G
3.005906,0,Cancel,268592835,,-800,,
3.006005,0,Insert,268593199,A,20000,143000.0,G
3.006151,0,Insert,268593211,B,1000,140400.0,G
3.006161,0,Insert,268593223,B,800,140400.0,G
3.006179,0,Insert,268593231,B,1000,140400.0,G
3.008868,0,Insert,268593383,B,8000,140400.0,G
3.0089,0,Cancel,268592803,,-1000,,
3.009314,0,Cancel,268593199,,-20000,,
3.013462,0,Cancel,268593123,,-2000,,
3.01351,0,Cancel,268588295,,-1000,,
3.016635,0,Cancel,268588543,,-1000,,
3.019896,0,Insert,268593563,A,1000,140600.0,G
3.028059,0,Cancel,268593383,,-8000,,
3.049848,0,Cancel,23,,-14,,
3.049944,1,Insert,25,B,12,140200.0,G
3.050009,0,Cancel,24,,-14,,
3.050039,1,Insert,26,A,14,140900.0,G
3.050117,0,Cancel,3,,-50,,
3.050151,0,Cancel,4,,-3,,
3.050177,1,Insert,5,B,50,140300.0,G
3.050212,1,Insert,6,A,50,140500.0,G
3.055248,0,Insert,268594407,B,10,125000.0,G
3.059558,0,Insert,268594467,B,8000,140400.0,G
3.102389,0,Insert,268594955,A,1000,140600.0,G
3.111948,0,Cancel,268594467,,-8000,,
3.111983,0,Cancel,268594955,,-1000,,
3.112385,0,Insert,268595079,A,1000,140600.0,G
3.124135,0,Cancel,268595079,,-1000,,
3.12464,0,Insert,268595175,B,8000,140400.0,G
3.1431,0,Cancel,268595175,,-8000,,
3.17892,0,Insert,268596255,A,1000,140600.0,G
3.178948,0,Cancel,268593223,,-800,,
3.17895,0,Cancel,268593175,,-1000,,
3.179547,0,Insert,268596271,B,1000,140300.0,G
3.189767,0,Cancel,268596271,,-1000,,
3.189778,0,Cancel,268593211,,-1000,,
3.18981,0,Insert,268596359,A,800,140600.0,G
3.189816,0,Insert,268596363,A,2000,140800.0,G
3.189837,0,Cancel,268593231,,-1000,,
3.189869,0,Insert,268596395,A,1000,140600.0,G
3.190584,0,Cancel,268568195,,-2000,,
3.190584,0,Insert,268596447,B,2000,139200.0,G
3.190676,0,Insert,268596463,A,1000,140500.0,G
3.190676,0,Cancel,268545243,,-2000,,
3.19068,0,Insert,268596467,A,1000,140600.0,G
3.190705,0,Cancel,268574295,,-1000,,
3.190705,0,Cancel,268587083,,-1000,,
3.190705,0,Insert,268596471,A,1000,140500.0,G
3.190712,0,Insert,268596479,A,3000,140800.0,G
3.190713,0,Cancel,268581919,,-3000,,
3.190736,0,Insert,268596483,A,1000,170100.0,G
3.190748,0,Cancel,268574339,,-1000,,
3.190761,0,Cancel,268574419,,-2000,,
3.190761,0,Insert,268596487,A,2000,175100.0,G
3.190761,0,Cancel,268581903,,-1000,,
3.190858,0,Cancel,268574347,,-2000,,
3.190858,0,Insert,268596503,A,2000,140500.0,G
3.191608,0,Insert,268596579,A,50,140500.0,G
3.191641,0,Insert,268596591,A,1000,140500.0,G
3.199924,0,Cancel,7016917,,-10000,,
3.199924,0,Cancel,7016918,,-10000,,
3.199924,1,Insert,7016919,A,10000,141000.0,G
3.199924,1,Insert,7016920,B,10000,139800.0,G
3.200559,0,Insert,268596771,A,20000,143000.0,G
3.202427,0,Cancel,268590695,,-1000,,
3.207121,0,Cancel,268596255,,-1000,,
3.216522,0,Cancel,268596591,,-1000,,
3.216655,0,Insert,268596927,B,1000,140300.0,G
3.21693,0,Cancel,268596503,,-2000,,
3.234147,0,Cancel,268596927,,-1000,,
3.236733,0,Insert,268597311,A,2000,140500.0,G
3.239715,0,Cancel,268597311,,-2000,,
3.239718,0,Insert,268597347,B,1000,140300.0,G
3.248702,0,Insert,268597463,B,2000,140000.0,G
3.251084,0,Cancel,268597347,,-1000,,
3.251087,0,Cancel,268597463,,-2000,,
3.276109,0,Cancel,10,,-72,,
3.276517,0,Cancel,19,,-25,,
3.276568,1,Insert,23,A,25,140600.0,G
3.276677,0,Cancel,11,,-14,,
3.276711,1,Insert,12,A,14,140700.0,G
3.276766,0,Cancel,10,,-33,,
3.276801,1,Insert,11,A,33,140700.0,G
3.277077,0,Cancel,8,,-45,,
3.277136,0,Cancel,25,,-12,,
3.277169,1,Insert,27,B,12,140200.0,G
3.277209,0,Cancel,26,,-14,,
3.277237,1,Insert,28,A,14,140800.0,G
3.277303,1,Insert,9,A,45,140600.0,G
3.344455,0,Cancel,268588291,,-1000,,
3.35242,0,Insert,268600939,A,1000,142000.0,G
3.369927,0,Insert,268601499,A,2000,140500.0,G
3.369954,0,Insert,268601503,B,1000,96100.0,G
3.402393,0,Cancel,268601499,,-2000,,
3.410874,0,Insert,268603563,B,1000,140300.0,G
3.412152,0,Insert,268603623,B,2000,140000.0,G
3.431824,0,Cancel,268603563,,-1000,,
3.43212,0,Cancel,268603623,,-2000,,
3.454238,0,Insert,268604327,B,1000,140300.0,G
3.475743,0,Insert,268604807,B,2000,140000.0,G
3.480926,0,Cancel,268596467,,-1000,,
3.488884,0,Cancel,268596359,,-800,,
3.488899,0,Cancel,268596447,,-2000,,
3.488899,0,Insert,268605003,B,2000,140200.0,G
3.488909,0,Insert,268605011,B,1000,140400.0,G
3.488934,0,Insert,268605015,B,800,140400.0,G
3.488938,0,Insert,268605019,B,1000,140400.0,G
3.489245,0,Cancel,268596463,,-1000,,
3.489281,0,Insert,268605039,B,8000,140400.0,G
3.489365,0,Cancel,268596395,,-1000,,
3.489704,0,Cancel,268600939,,-1000,,
3.489713,0,Cancel,268593563,,-1000,,
3.489832,0,Cancel,268596771,,-20000,,
3.493911,0,Cancel,268596363,,-2000,,
3.508758,0,Cancel,7016919,,-10000,,
3.508758,0,Cancel,7016920,,-10000,,
3.508758,1,Insert,7016921,A,10000,141000.0,G
3.508758,1,Insert,7016922,B,10000,139800.0,G
3.517731,0,Insert,268605647,B,1000,140100.0,G
3.51791,0,Cancel,268583539,,-1000,,
3.518118,0,Cancel,268588183,,-20000,,
3.518913,0,Insert,268605735,B,1000,140400.0,G
3.51894,0,Insert,268605739,B,200,140400.0,G
3.518945,0,Insert,268605743,B,1000,140400.0,G
3.518966,0,Cancel,268605735,,-1000,,
3.518995,0,Cancel,268585091,,-1000,,
3.519035,0,Insert,268605759,B,1000,140400.0,G
3.519141,0,Cancel,268605743,,-1000,,
3.522967,0,Cancel,268605739,,-200,,
3.523001,0,Cancel,268605759,,-1000,,
3.523106,0,Cancel,268588283,,-8000,,
3.523106,0,Insert,268606219,B,1000,140400.0,G
3.523206,0,Insert,268606247,B,8000,140400.0,G
3.523222,0,Cancel,268588287,,-1000,,
3.52324,0,Insert,268606263,B,1000,140400.0,G
3.523485,0,Insert,6208436,B,690,140500.0,F
3.523502,0,Cancel,268584259,,-2000,,
3.523508,0,Cancel,268596479,,-3000,,
3.523523,0,Insert,6208437,B,310,140500.0,F
3.523523,0,Insert,6208438,B,50,140500.0,F
3.523543,0,Insert,268606475,B,1000,140400.0,G
3.523547,0,Cancel,268580627,,-1000,,
3.523578,0,Insert,268606503,B,190,140400.0,G
3.523588,0,Insert,268606511,A,1000,140600.0,G
3.523631,0,Insert,268606563,B,2000,140400.0,G
3.523681,0,Insert,268606619,A,2000,141500.0,G
3.523724,0,Cancel,268606563,,-2000,,
3.523742,0,Cancel,268583387,,-2000,,
3.523742,0,Insert,268606659,B,2000,140300.0,G
3.523798,0,Insert,268606719,B,130,140400.0,G
3.523814,0,Insert,268606735,B,2000,140500.0,G
3.523823,0,Insert,268606743,B,1000,140400.0,G
3.523827,0,Cancel,268583375,,-2000,,
3.523833,0,Cancel,268606475,,-1000,,
3.523833,0,Insert,268606751,B,1000,140500.0,G
3.523838,0,Cancel,268606247,,-8000,,
3.523846,0,Insert,268606763,B,3000,140300.0,G
3.523865,0,Cancel,268583439,,-1000,,
3.523865,0,Insert,268606771,A,1000,140900.0,G
3.523869,0,Insert,268606775,B,1000,140500.0,G
3.523887,0,Cancel,268606743,,-1000,,
3.523887,0,Insert,268606795,B,1000,140500.0,G
3.523898,0,Insert,268606807,B,790,140500.0,G
3.523948,0,Cancel,268585167,,-2000,,
3.523948,0,Insert,268606847,B,2000,106600.0,G
3.523961,0,Cancel,268583447,,-2000,,
3.524019,0,Cancel,268596487,,-2000,,
3.524019,0,Insert,268606899,A,2000,175200.0,G
3.524204,0,Insert,268607007,B,8000,140500.0,G
3.524253,0,Cancel,268580831,,-8000,,
3.524304,0,Cancel,268587743,,-1000,,
3.524385,0,Cancel,268585723,,-580,,
3.524552,0,Cancel,268606659,,-2000,,
3.524552,0,Insert,268607227,B,2000,139300.0,G
3.524626,0,Insert,268607315,A,1000,140700.0,G
3.524626,0,Cancel,268607227,,-2000,,
3.524682,0,Cancel,268607315,,-1000,,
3.524692,0,Cancel,268584927,,-1000,,
3.524732,0,Insert,268607467,B,1000,140200.0,G
3.524846,0,Cancel,268605011,,-1000,,
3.524846,0,Insert,268607687,B,1000,140500.0,G
3.525001,0,Insert,268607843,B,1000,140100.0,G
3.525147,0,Insert,268607991,A,1000,140700.0,G
3.525161,0,Insert,268608003,B,1000,139900.0,G
3.525206,0,Cancel,268585559,,-1000,,
3.52524,0,Cancel,268607991,,-1000,,
3.525887,0,Insert,268608591,A,1000,140700.0,G
3.525984,0,Cancel,268608591,,-1000,,
3.526103,0,Cancel,268607467,,-1000,,
3.5263,0,Insert,268608787,B,8000,140500.0,G
3.526453,0,Insert,268608855,B,1000,140200.0,G
3.52652,0,Insert,268608887,B,1000,140500.0,G
3.526524,0,Insert,268608891,B,200,140500.0,G
3.526582,0,Insert,6208475,B,10,140600.0,F
3.526582,0,Insert,6208476,B,1000,140600.0,F
3.526603,0,Insert,268608943,B,1000,140500.0,G
3.52662,0,Insert,268608951,B,1000,140500.0,G
3.526625,0,Insert,268608955,A,2000,141600.0,G
3.52665,0,Insert,268608963,A,1000,140700.0,G
3.526675,0,Cancel,268608787,,-8000,,
3.526713,0,Cancel,268608951,,-1000,,
3.526748,0,Cancel,268608887,,-1000,,
3.526859,0,Insert,268609027,B,8000,140500.0,G
3.52704,0,Insert,268609111,A,1000,141000.0,G
3.527046,0,Cancel,268608963,,-1000,,
3.527254,0,Cancel,268606899,,-2000,,
3.527254,0,Insert,268609223,A,2000,175300.0,G
3.52769,0,Cancel,268609027,,-8000,,
3.527694,0,Cancel,268606503,,-190,,
3.527805,0,Cancel,268606719,,-130,,
3.527845,0,Insert,268609375,B,1000,140500.0,G
3.527871,0,Insert,268609379,B,1000,140500.0,G
3.528123,0,Cancel,268608855,,-1000,,
3.52817,0,Insert,268609427,B,1000,140200.0,G
3.528679,0,Insert,268609507,A,1000,140700.0,G
3.528681,0,Insert,268609519,B,2000,140100.0,G
3.528735,0,Cancel,268609379,,-1000,,
3.528782,0,Cancel,268608943,,-1000,,
3.528782,0,Insert,268609535,B,1000,140600.0,G
3.528795,0,Cancel,268606847,,-2000,,
3.528795,0,Insert,268609539,B,2000,106700.0,G
3.528803,0,Cancel,268609375,,-1000,,
3.529057,0,Cancel,268608891,,-200,,
3.529166,0,Insert,268609571,A,1000,140700.0,G
3.529667,0,Cancel,268609535,,-1000,,
3.529698,0,Insert,268609631,A,1000,140700.0,G
3.529701,0,Insert,268609635,B,2000,139600.0,G
3.529706,0,Insert,268609639,A,1000,140700.0,G
3.529741,0,Cancel,268609427,,-1000,,
3.529772,0,Insert,268609651,B,1000,139900.0,G
3.529783,0,Cancel,268609539,,-2000,,
3.529783,0,Insert,268609655,B,2000,106600.0,G
3.530106,0,Insert,268609679,B,1000,140500.0,G
3.53156,0,Insert,268609727,B,2000,140200.0,G
3.531679,0,Insert,268609743,B,1000,140200.0,G
3.532174,0,Cancel,268607687,,-1000,,
3.532179,0,Insert,268609803,B,1000,140600.0,G
3.532201,0,Cancel,268609679,,-1000,,
3.532207,0,Cancel,268609639,,-1000,,
3.532212,0,Insert,268609811,B,790,140600.0,G
3.532214,0,Insert,268609815,B,3000,140400.0,G
3.53222,0,Cancel,268609635,,-2000,,
3.532225,0,Cancel,268606763,,-3000,,
3.532256,0,Cancel,268609655,,-2000,,
3.532256,0,Insert,268609827,B,2000,106700.0,G
3.532279,0,Cancel,268609651,,-1000,,
3.532408,0,Insert,268609831,B,8000,140600.0,G
3.532434,0,Cancel,268609631,,-1000,,
3.532478,0,Cancel,268609571,,-1000,,
3.532612,0,Insert,268609863,B,1000,140500.0,G
3.532692,0,Insert,268609891,B,1000,140300.0,G
3.532829,0,Insert,268609911,B,2000,140400.0,G
3.532979,0,Cancel,268609891,,-1000,,
3.5347,0,Cancel,268609831,,-8000,,
3.5347,0,Cancel,268609803,,-1000,,
3.534729,0,Cancel,268609863,,-1000,,
3.534926,0,Insert,268610039,A,1000,141000.0,G
3.535205,0,Insert,268610055,A,1000,145700.0,G
3.535217,0,Cancel,268610039,,-1000,,
3.535902,0,Insert,268610087,B,1000,140500.0,G
3.536296,0,Insert,268610115,B,1000,140300.0,G
3.536611,0,Cancel,268610115,,-1000,,
3.537452,0,Insert,268610203,A,1000,141000.0,G
3.537795,0,Cancel,268610203,,-1000,,
3.541361,0,Cancel,268588143,,-1000,,
3.543817,0,Insert,268610363,B,1000,140600.0,G
3.544005,1,Insert,11,A,72,140500.0,G
3.551698,0,Cancel,27,,-12,,
3.551753,1,Insert,29,B,14,140300.0,G
3.551801,0,Cancel,28,,-14,,
3.551831,1,Insert,30,A,14,140800.0,G
3.551889,0,Cancel,5,,-50,,
3.554952,0,Cancel,6,,-50,,
3.555356,1,Insert,7,B,50,140400.0,G
3.555663,0,Cancel,9,,-33,,
3.556723,0,Insert,268610583,B,1000,140600.0,G
3.556793,0,Insert,268610591,B,8000,140600.0,G
3.567775,0,Cancel,268610591,,-8000,,
3.570801,0,Cancel,268606263,,-1000,,
3.579426,0,Insert,268611359,B,8000,140600.0,G
3.587786,0,Cancel,268611359,,-8000,,
3.587808,0,Cancel,268609811,,-790,,
3.587886,0,Cancel,268610087,,-1000,,
3.588029,0,Cancel,268610363,,-1000,,
3.590557,0,Insert,268611643,A,130,143000.0,G
3.59394,0,Insert,268611727,A,2000,141000.0,G
3.613703,0,Cancel,268610583,,-1000,,
3.613737,0,Insert,268612319,B,1000,139900.0,G
3.613737,0,Cancel,268609519,,-2000,,
3.613737,0,Insert,268612323,B,2000,139600.0,G
3.613826,0,Insert,268612331,B,1000,140500.0,G
3.632919,0,Cancel,268609507,,-1000,,
3.632996,0,Insert,268613015,B,1000,140500.0,G
3.635194,0,Cancel,268609911,,-2000,,
3.635194,0,Insert,268613071,B,2000,140300.0,G
3.635199,0,Cancel,268613015,,-1000,,
3.648349,0,Cancel,268609727,,-2000,,
3.648578,0,Cancel,268606795,,-1000,,
3.665685,0,Insert,268613847,A,1000,140700.0,G
3.665712,0,Insert,268613851,A,1000,140700.0,G
3.665714,0,Insert,268613855,A,1000,140700.0,G
3.673876,0,Cancel,268609815,,-3000,,
3.67403,0,Cancel,268606735,,-2000,,
3.674146,0,Cancel,268609743,,-1000,,
3.674199,0,Insert,268614047,A,1000,141000.0,G
3.674374,0,Insert,268614055,B,1000,140200.0,G
3.674487,0,Cancel,268614047,,-1000,,
3.675241,0,Insert,268614063,A,1000,140900.0,G
3.676237,0,Cancel,268614063,,-1000,,
3.712421,0,Insert,268614879,B,1000,139000.0,G
3.733579,0,Insert,268615083,A,8000,140700.0,G
3.733602,0,Cancel,268596483,,-1000,,
3.733603,0,Cancel,268587131,,-1000,,
3.734025,0,Cancel,268606751,,-1000,,
3.734051,0,Insert,268615103,A,1000,170300.0,G
3.734368,0,Cancel,268614055,,-1000,,
3.73451,0,Cancel,268609827,,-2000,,
3.73451,0,Insert,268615155,B,2000,106600.0,G
3.735755,0,Cancel,268615083,,-8000,,
3.735778,0,Cancel,268570699,,-1000,,
3.735783,0,Insert,268615179,B,2000,139400.0,G
3.735803,0,Insert,268615187,A,1000,184900.0,G
3.740071,0,Cancel,9,,-77,,
3.740366,0,Cancel,11,,-72,,
3.740986,0,Cancel,17,,-41,,
3.741071,0,Cancel,23,,-25,,
3.741104,1,Insert,26,B,41,140400.0,G
3.741172,1,Insert,27,A,25,140800.0,G
3.741238,0,Cancel,11,,-33,,
3.741269,1,Insert,12,B,33,140300.0,G
3.741306,1,Insert,13,A,33,140900.0,G
3.741364,0,Cancel,10,,-14,,
3.741396,0,Cancel,12,,-14,,
3.741423,1,Insert,13,B,14,140300.0,G
3.741459,1,Insert,14,A,14,140900.0,G
3.741508,0,Cancel,7,,-45,,
3.741539,0,Cancel,9,,-45,,
3.74178,0,Cancel,29,,-14,,
3.741814,1,Insert,31,B,14,140400.0,G
3.741855,0,Cancel,30,,-14,,
3.741881,1,Insert,32,A,12,141100.0,G
3.742378,0,Cancel,7,,-50,,
3.742415,1,Insert,8,B,50,140600.0,G
3.742456,1,Insert,9,A,50,140800.0,G
3.742541,1,Insert,10,B,45,140400.0,G
3.742553,0,Insert,268615287,B,1000,140200.0,G
3.742578,1,Insert,11,A,45,140800.0,G
3.748109,0,Insert,268615511,B,1000,140500.0,G
3.748134,0,Cancel,268613855,,-1000,,
3.753433,0,Insert,268615615,B,2000,140100.0,G
3.75956,0,Cancel,268615511,,-1000,,
3.759586,0,Insert,268615671,B,1000,110900.0,G
3.759744,0,Cancel,268615615,,-2000,,
3.761491,0,Insert,268615695,B,1000,140500.0,G
3.767984,0,Insert,268615755,A,1000,142200.0,G
3.780558,0,Cancel,268615695,,-1000,,
3.780747,0,Insert,268615975,A,1000,140700.0,G
3.780829,0,Insert,268615991,A,1000,140700.0,G
3.784939,0,Cancel,268615287,,-1000,,
3.788863,0,Insert,268616067,A,8000,140700.0,G
3.789276,0,Cancel,268608003,,-1000,,
3.78979,0,Insert,268616143,A,1000,141000.0,G
3.789949,0,Cancel,268607843,,-1000,,
3.795419,0,Insert,268616271,A,2000,141800.0,G
3.797529,0,Cancel,268616067,,-8000,,
3.798023,0,Cancel,268614879,,-1000,,
3.798207,0,Insert,268616323,B,1000,140200.0,G
3.798787,0,Cancel,268616143,,-1000,,
3.799198,0,Insert,268616339,A,1000,141000.0,G
3.79952,0,Cancel,268616339,,-1000,,
3.80287,1,Insert,5096561,B,40,139000.0,G
3.805493,0,Cancel,7016921,,-10000,,
3.805493,0,Cancel,7016922,,-10000,,
3.805493,1,Insert,7016923,A,10000,141200.0,G
3.805493,1,Insert,7016924,B,10000,140000.0,G
3.80767,0,Insert,268616543,A,1000,141000.0,G
3.810953,0,Cancel,268585707,,-580,,
3.819073,0,Insert,268616811,A,8000,140700.0,G
3.819145,0,Cancel,268616323,,-1000,,
3.82596,0,Insert,268616987,A,1000,140700.0,G
3.825993,0,Insert,268617011,A,1000,140700.0,G
3.826244,0,Cancel,268612331,,-1000,,
3.82625,0,Insert,268617063,A,1000,140700.0,G
3.826296,0,Cancel,268607007,,-8000,,
3.826364,0,Insert,268617083,A,1000,140900.0,G
3.82637,0,Cancel,268615755,,-1000,,
3.826393,0,Cancel,268613071,,-2000,,
3.826393,0,Insert,268617103,B,2000,139300.0,G
3.826394,0,Cancel,268606775,,-1000,,
3.826397,0,Cancel,268606807,,-790,,
3.826405,0,Insert,268617115,A,1000,140800.0,G
3.826516,0,Insert,268617131,B,1000,140400.0,G
3.82662,0,Insert,268617159,B,2000,139500.0,G
3.826662,0,Cancel,268617083,,-1000,,
3.826705,0,Cancel,268606219,,-1000,,
3.826804,0,Insert,268617171,A,790,140700.0,G
3.827272,0,Insert,268617211,A,1000,140700.0,G
3.827296,0,Cancel,268609111,,-1000,,
3.827299,0,Insert,268617219,A,1000,140600.0,G
3.827323,0,Cancel,268617115,,-1000,,
3.827331,0,Insert,268617231,A,1000,140600.0,G
3.827334,0,Insert,268617235,A,3000,140900.0,G
3.827369,0,Insert,268617247,A,8000,140600.0,G
3.827382,0,Cancel,268609223,,-2000,,
3.827382,0,Insert,268617259,A,2000,175200.0,G
3.827388,0,Cancel,268613851,,-1000,,
3.827417,0,Insert,268617267,B,1000,139800.0,G
3.827443,0,Cancel,268608955,,-2000,,
3.827525,0,Cancel,268617211,,-1000,,
3.827528,0,Insert,268617287,B,1000,140400.0,G
3.829096,0,Insert,268617471,A,1000,140700.0,G
3.829504,0,Cancel,268617287,,-1000,,
3.829986,0,Insert,268617675,A,1000,140600.0,G
3.831264,0,Insert,268618047,A,1000,140900.0,G
3.832287,0,Cancel,268616987,,-1000,,
3.832289,0,Insert,268618099,A,1000,140600.0,G
3.840758,0,Insert,268618275,A,1000,142100.0,G
3.84157,0,Cancel,268615155,,-2000,,
3.84157,0,Insert,268618319,B,2000,106500.0,G
3.852503,0,Cancel,268617675,,-1000,,
3.862427,0,Insert,268618563,B,1000,139000.0,G
3.862452,0,Cancel,268615187,,-1000,,
3.862452,0,Cancel,268615103,,-1000,,
3.863229,0,Cancel,268617011,,-1000,,
3.863255,0,Insert,268618567,A,1000,170200.0,G
3.867981,0,Cancel,268617247,,-8000,,
3.868007,0,Insert,268618631,A,1000,184800.0,G
3.868157,0,Insert,268618679,B,1000,140400.0,G
3.868166,0,Insert,268618683,B,1000,140400.0,G
3.868198,0,Cancel,268617219,,-1000,,
3.868274,0,Cancel,268618679,,-1000,,
3.868467,0,Cancel,268618099,,-1000,,
3.868637,0,Insert,268618783,B,1000,140400.0,G
3.879468,0,Cancel,268618783,,-1000,,
3.879474,0,Insert,268619007,A,2000,140600.0,G
3.879515,0,Cancel,268618683,,-1000,,
3.879719,0,Insert,268619031,B,1000,140400.0,G
3.879742,0,Cancel,268615671,,-1000,,
3.896024,0,Insert,268619223,A,1000,140600.0,G
3.896057,0,Insert,268619279,A,1000,140600.0,G
3.89611,0,Cancel,268619031,,-1000,,
3.896534,0,Insert,268619355,A,8000,140600.0,G
3.896749,0,Insert,268619403,A,1000,140600.0,G
3.896763,0,Cancel,268605647,,-1000,,
3.896857,0,Insert,268619415,B,1000,140100.0,G
3.899966,0,Cancel,268619355,,-8000,,
3.899992,0,Insert,268619471,B,1000,110800.0,G
3.903999,0,Insert,268619507,A,8000,140600.0,G
3.907333,0,Cancel,268619507,,-8000,,
3.924411,0,Cancel,268619403,,-1000,,
3.924834,0,Insert,268619683,B,1000,140400.0,G
3.97088,0,Cancel,268618047,,-1000,,
3.972938,0,Insert,268620227,B,1000,140400.0,G
3.973254,0,Cancel,268619279,,-1000,,
3.973529,0,Cancel,268619007,,-2000,,
3.987457,0,Insert,268620515,A,1000,140700.0,G
3.987487,0,Insert,268620519,A,2000,140600.0,G
3.987504,0,Insert,268620523,A,1000,140600.0,G
3.987515,0,Cancel,268619683,,-1000,,
3.995715,0,Cancel,268620227,,-1000,,
3.995742,0,Insert,268620639,A,2000,140900.0,G
4.013333,0,Cancel,268620515,,-1000,,
4.01569,0,Insert,268621023,B,1000,140400.0,G
4.021129,0,Insert,268621163,B,1000,140400.0,G
4.021154,0,Cancel,268601503,,-1000,,
4.031175,0,Cancel,268620519,,-2000,,
4.031211,0,Cancel,268621023,,-1000,,
4.036779,0,Insert,268621503,B,1000,140400.0,G
4.042058,0,Insert,268621583,B,8000,140400.0,G
4.042083,0,Cancel,268620523,,-1000,,
4.04216,0,Insert,268621627,B,8000,140400.0,G
4.04217,0,Cancel,268617171,,-790,,
4.042189,0,Cancel,268617231,,-1000,,
4.042192,0,Cancel,268621583,,-8000,,
4.04225,0,Cancel,268621627,,-8000,,
4.043747,0,Insert,268621819,B,1000,140200.0,G
4.044103,0,Cancel,268621819,,-1000,,
4.048656,0,Cancel,268621163,,-1000,,
4.048681,0,Insert,268621899,B,1000,96200.0,G
4.048892,0,Insert,268621903,B,1000,140400.0,G
4.052236,0,Cancel,268621503,,-1000,,
4.054318,0,Insert,268622235,A,2000,140600.0,G
4.054345,0,Insert,268622239,A,1000,140600.0,G
4.054875,0,Cancel,268621903,,-1000,,
4.057809,1,Insert,12,B,77,140400.0,G
4.058138,1,Insert,13,A,72,140600.0,G
4.059541,0,Cancel,26,,-41,,
4.059609,0,Cancel,27,,-25,,
4.059638,1,Insert,29,B,41,140300.0,G
4.059688,1,Insert,30,A,25,140700.0,G
4.059752,0,Cancel,13,,-14,,
4.059783,0,Cancel,14,,-14,,
4.059808,1,Insert,15,B,14,140200.0,G
4.060203,1,Insert,16,A,14,140800.0,G
4.060431,0,Cancel,12,,-33,,
4.060475,0,Cancel,13,,-33,,
4.060503,1,Insert,14,B,33,140200.0,G
4.060539,1,Insert,15,A,33,140800.0,G
4.060588,0,Cancel,10,,-45,,
4.060613,0,Cancel,11,,-45,,
4.060652,0,Cancel,31,,-14,,
4.060682,1,Insert,33,B,14,140300.0,G
4.060717,0,Cancel,32,,-12,,
4.060744,1,Insert,34,A,14,140900.0,G
4.060799,0,Cancel,9,,-50,,
4.060825,1,Insert,10,B,50,140400.0,G
4.061643,1,Insert,12,B,45,140300.0,G
4.061712,1,Insert,13,A,45,140700.0,G
4.09061,0,Insert,268623127,B,1000,140400.0,G
4.091198,1,Insert,5096562,B,112,141500.0,G
4.091281,0,Cancel,268622235,,-2000,,
4.09173,0,Insert,268623175,B,1000,140400.0,G
4.091756,0,Cancel,268622239,,-1000,,
4.099363,0,Insert,268623287,B,8000,140400.0,G
4.099869,0,Cancel,268618319,,-2000,,
4.099869,0,Insert,268623347,B,2000,106600.0,G
4.099888,0,Cancel,268617267,,-1000,,
4.09989,0,Insert,268623351,A,1000,140600.0,G
4.099935,0,Insert,268623359,B,8000,140400.0,G
4.100537,0,Cancel,7016923,,-10000,,
4.100537,0,Cancel,7016924,,-10000,,
4.100537,1,Insert,7016925,A,10000,141100.0,G
4.100537,1,Insert,7016926,B,10000,139900.0,G
4.100668,0,Cancel,268623359,,-8000,,
4.100784,0,Cancel,268623287,,-8000,,
4.101987,0,Insert,268623455,B,1000,139800.0,G
4.102144,0,Cancel,268623347,,-2000,,
4.102144,0,Insert,268623471,B,2000,106500.0,G
4.105413,0,Cancel,268623127,,-1000,,
4.108416,0,Cancel,268623175,,-1000,,
4.11188,1,Insert,14,A,18,140600.0,G
4.112026,1,Insert,14,A,45,140700.0,G
4.117769,0,Insert,268623655,B,1000,140400.0,G
4.117806,0,Insert,268623659,B,1000,140400.0,G
4.142035,0,Cancel,268613847,,-1000,,
4.146242,0,Cancel,268623655,,-1000,,
4.152884,0,Insert,268624151,B,580,140400.0,G
4.153196,0,Insert,268624159,B,580,140400.0,G
4.185716,0,Cancel,268623659,,-1000,,
4.223395,0,Insert,268625295,A,8000,140600.0,G
4.223422,0,Insert,268625299,A,1000,140600.0,G
4.246132,0,Insert,268625679,B,1000,140400.0,G
4.260699,1,Insert,32,A,16,140700.0,G
4.260938,0,Cancel,15,,-14,,
4.261008,1,Insert,18,B,14,140300.0,G
4.26105,1,Insert,19,A,14,140900.0,G
4.261138,0,Cancel,12,,-45,,
4.26117,0,Cancel,14,,-45,,
4.261214,0,Cancel,33,,-14,,
4.261242,1,Insert,35,B,14,140300.0,G
4.261278,0,Cancel,34,,-14,,
4.261477,1,Insert,36,A,14,140900.0,G
4.261524,1,Insert,11,A,50,140600.0,G
4.261598,1,Insert,15,B,45,140400.0,G
4.261633,1,Insert,16,A,45,140800.0,G
4.283917,0,Cancel,268625295,,-8000,,
4.283952,0,Cancel,268625679,,-1000,,
4.328821,0,Insert,268626735,A,8000,140600.0,G
4.340451,0,Cancel,268618563,,-1000,,
4.340566,0,Insert,268626939,A,1000,140600.0,G
4.340648,0,Insert,268626947,A,1000,140600.0,G
4.34127,0,Insert,268626991,A,1000,140800.0,G
4.341294,0,Cancel,268626947,,-1000,,
4.341567,0,Cancel,268626991,,-1000,,
4.357125,0,Insert,268627187,A,1000,140600.0,G
4.358172,0,Insert,268627235,A,1000,140900.0,G
4.365614,0,Insert,268627359,A,1000,140700.0,G
4.37242,0,Insert,268627471,B,1000,138900.0,G
4.391426,0,Insert,268627635,A,1000,140900.0,G
4.392498,0,Cancel,268619415,,-1000,,
4.400284,0,Cancel,7016925,,-10000,,
4.400284,0,Cancel,7016926,,-10000,,
4.400284,1,Insert,7016927,A,10000,141100.0,G
4.400284,1,Insert,7016928,B,10000,139900.0,G
4.401436,0,Insert,268627835,A,20000,143000.0,G
4.403556,0,Insert,268627983,A,1000,140600.0,G
4.403582,0,Cancel,268605019,,-1000,,
4.403584,0,Cancel,268617259,,-2000,,
4.403584,0,Insert,268627999,A,2000,175100.0,G
4.403648,0,Insert,268628027,A,1000,140500.0,G
4.403666,0,Cancel,268617131,,-1000,,
4.40368,0,Insert,268628035,A,1000,140500.0,G
4.403684,0,Cancel,268605039,,-8000,,
4.403684,0,Insert,268628043,A,3000,140800.0,G
4.403684,0,Cancel,268617235,,-3000,,
4.403685,0,Insert,268628047,B,1000,139900.0,G
4.403729,0,Cancel,268623351,,-1000,,
4.403749,0,Cancel,268606619,,-2000,,
4.403751,0,Cancel,268606771,,-1000,,
4.40396,0,Cancel,268618275,,-1000,,
4.403997,0,Cancel,268616271,,-2000,,
4.404008,0,Insert,268628111,A,2000,140800.0,G
4.411806,0,Cancel,268610055,,-1000,,
4.412909,0,Insert,268628423,A,1000,145500.0,G
4.414343,0,Insert,268628451,A,20000,143000.0,G
4.421308,0,Insert,268628535,B,1000,140400.0,G
4.421608,0,Insert,268628555,B,1000,140100.0,G
4.451111,0,Insert,268628895,B,8000,140400.0,G
4.451139,0,Insert,268628903,B,1000,140400.0,G
4.451142,0,Cancel,268627983,,-1000,,
4.451288,0,Cancel,268628111,,-2000,,
4.451293,0,Cancel,268628027,,-1000,,
4.451328,0,Cancel,268627635,,-1000,,
4.451522,0,Insert,268628939,B,1000,140400.0,G
4.451536,0,Cancel,268628451,,-20000,,
4.453417,0,Cancel,268628939,,-1000,,
4.454264,0,Cancel,268627187,,-1000,,
4.454841,0,Cancel,268627359,,-1000,,
4.458904,0,Insert,268629063,A,1000,140600.0,G
4.459475,0,Cancel,268629063,,-1000,,
4.459497,0,Cancel,268621899,,-1000,,
4.461641,0,Insert,268629091,A,1000,140600.0,G
4.461666,0,Insert,268629099,B,1000,96100.0,G
4.466468,0,Cancel,268629091,,-1000,,
4.46739,0,Insert,268629279,B,1000,140400.0,G
4.467498,0,Cancel,268629279,,-1000,,
4.467715,0,Cancel,268627835,,-20000,,
4.467803,0,Insert,268629347,B,1000,140400.0,G
4.468242,0,Cancel,268624151,,-580,,
4.471293,0,Cancel,268629347,,-1000,,
4.47269,0,Cancel,268624159,,-580,,
4.475673,0,Insert,268629543,B,1000,140400.0,G
4.475784,0,Cancel,268626735,,-8000,,
4.475824,0,Insert,268629567,B,1000,140400.0,G
4.475993,0,Cancel,268625299,,-1000,,
4.476007,0,Cancel,268626939,,-1000,,
4.476192,0,Insert,268629611,A,2000,140600.0,G
4.476588,0,Cancel,268627471,,-1000,,
4.47837,0,Insert,268629675,B,8000,140400.0,G
4.478874,0,Cancel,268629675,,-8000,,
4.483697,0,Insert,268629711,B,8000,140400.0,G
4.486835,0,Cancel,268629543,,-1000,,
4.486898,0,Cancel,268629711,,-8000,,
4.488074,0,Insert,268629787,B,8000,140400.0,G
4.488078,0,Insert,268629791,B,1000,140400.0,G
4.494905,0,Cancel,268629787,,-8000,,
4.495082,0,Cancel,268627235,,-1000,,
4.495088,0,Insert,268629871,B,8000,140400.0,G
4.496501,0,Insert,268630183,B,1000,140100.0,G
4.497501,0,Cancel,268617471,,-1000,,
4.498942,0,Cancel,268629611,,-2000,,
4.500673,0,Insert,268630355,B,1000,139900.0,G
4.508109,0,Insert,268630575,B,8000,140400.0,G
4.508264,0,Cancel,268620639,,-2000,,
4.50827,0,Cancel,268630575,,-8000,,
4.508274,0,Cancel,268628043,,-3000,,
4.509227,0,Insert,268630639,B,2000,140300.0,G
4.509236,0,Cancel,268617103,,-2000,,
4.512767,0,Insert,268630759,B,8000,140400.0,G
4.532798,0,Cancel,268619223,,-1000,,
4.532804,0,Insert,6208966,B,1000,140500.0,F
4.53281,0,Cancel,268615991,,-1000,,
4.53282,0,Cancel,268618567,,-1000,,
4.532825,0,Insert,268631087,B,1000,140500.0,G
4.532845,0,Insert,268631095,B,1000,140500.0,G
4.532845,0,Cancel,268628535,,-1000,,
4.532849,0,Insert,268631107,B,190,140400.0,G
4.532849,0,Insert,268631119,B,1000,140500.0,G
4.532849,0,Insert,268631123,A,1000,140700.0,G
4.532852,0,Cancel,268630759,,-8000,,
4.532861,0,Cancel,268629871,,-8000,,
4.532863,0,Insert,268631143,B,3000,140300.0,G
4.532871,0,Insert,268631151,A,1000,170300.0,G
4.532871,0,Insert,268631155,B,1000,140500.0,G
4.532873,0,Insert,268631163,A,1000,140700.0,G
4.532897,0,Insert,268631187,A,1000,140700.0,G
4.5329,0,Insert,268631191,B,1000,140500.0,G
4.532904,0,Insert,268631195,A,1000,140900.0,G
4.532904,0,Cancel,268616811,,-8000,,
4.532906,0,Cancel,268623455,,-1000,,
4.532915,0,Cancel,268627999,,-2000,,
4.532915,0,Insert,268631207,A,2000,175200.0,G
4.532927,0,Cancel,268623471,,-2000,,
4.532927,0,Insert,268631223,B,2000,106600.0,G
4.532931,0,Insert,268631227,B,800,140500.0,G
4.532931,0,Cancel,268617159,,-2000,,
4.532931,0,Insert,268631235,A,2000,141600.0,G
4.532935,0,Insert,268631239,A,2000,141500.0,G
4.533226,0,Insert,268631327,B,1000,140200.0,G
4.533314,0,Insert,268631371,A,1000,141000.0,G
4.533483,0,Cancel,268616543,,-1000,,
4.534228,0,Cancel,268631095,,-1000,,
4.536962,0,Cancel,268631107,,-190,,
4.544259,0,Insert,268631887,B,8000,140500.0,G
4.544263,0,Insert,268631891,A,8000,140700.0,G
4.544412,0,Cancel,268631123,,-1000,,
4.544533,0,Cancel,268629567,,-1000,,
4.545697,0,Cancel,14,,-33,,
4.545778,0,Cancel,15,,-27,,
4.545806,1,Insert,17,A,33,140700.0,G
4.550362,0,Cancel,12,,-77,,
4.550431,0,Cancel,14,,-18,,
4.550477,0,Cancel,17,,-33,,
4.5505,1,Insert,18,B,33,140300.0,G
4.550544,1,Insert,19,A,33,140900.0,G
4.550809,0,Cancel,29,,-41,,
4.550851,0,Cancel,32,,-16,,
4.550879,1,Insert,34,B,50,140400.0,G
4.550915,1,Insert,35,A,16,140800.0,G
4.550967,0,Cancel,18,,-14,,
4.550997,0,Cancel,19,,-14,,
4.551022,1,Insert,20,B,14,140400.0,G
4.551056,1,Insert,21,A,14,141000.0,G
4.551146,0,Cancel,15,,-45,,
4.551174,0,Cancel,16,,-45,,
4.55121,1,Insert,15,B,131,140500.0,G
4.551248,1,Insert,16,A,18,140700.0,G
4.551299,0,Cancel,35,,-14,,
4.551352,1,Insert,37,B,14,140400.0,G
4.551389,0,Cancel,36,,-14,,
4.551414,1,Insert,38,A,14,141000.0,G
4.551461,0,Cancel,10,,-50,,
4.551489,0,Cancel,11,,-50,,
4.551695,1,Insert,12,A,50,140700.0,G
4.551771,1,Insert,17,B,45,140500.0,G
4.551773,0,Cancel,268631155,,-1000,,
4.551806,1,Insert,18,A,45,140900.0,G
4.552603,0,Cancel,268631327,,-1000,,
4.552641,0,Insert,268632023,B,1000,140200.0,G
4.606066,0,Insert,268632883,A,1000,140700.0,G
4.606089,0,Cancel,268629099,,-1000,,
4.606096,0,Insert,268632887,A,2000,141800.0,G
4.6145,0,Cancel,268632023,,-1000,,
4.614524,0,Insert,268633127,B,1000,96300.0,G
4.615774,0,Cancel,268631887,,-8000,,
4.642424,0,Insert,268633771,B,1000,139000.0,G
4.664209,0,Cancel,268631119,,-1000,,
4.664481,0,Cancel,268631191,,-1000,,
4.664554,0,Cancel,268631087,,-1000,,
4.675878,0,Cancel,268631227,,-800,,
4.675906,0,Cancel,268631187,,-1000,,
4.67591,0,Insert,268634227,B,2000,139500.0,G
4.675912,0,Insert,268634231,B,1000,140400.0,G
4.675916,0,Insert,268634235,B,1000,140400.0,G
4.67592,0,Insert,268634239,A,800,140700.0,G
4.675928,0,Insert,268634243,B,1000,139800.0,G
4.675951,0,Insert,268634259,A,1000,140700.0,G
4.676166,0,Insert,268634375,A,1000,140600.0,G
4.676198,0,Insert,268634399,A,3000,140900.0,G
4.67624,0,Cancel,268631371,,-1000,,
4.676284,0,Cancel,268631235,,-2000,,
4.676497,0,Cancel,268633771,,-1000,,
4.67657,0,Cancel,268630639,,-2000,,
4.67657,0,Insert,268634547,B,2000,139300.0,G
4.686465,0,Insert,268636067,B,8000,140500.0,G
4.686491,0,Insert,268636071,A,1000,140600.0,G
4.686493,0,Cancel,268634227,,-2000,,
4.686577,0,Cancel,268634243,,-1000,,
4.686591,0,Cancel,268634239,,-800,,
4.686602,0,Cancel,268631163,,-1000,,
4.686615,0,Cancel,268618631,,-1000,,
4.687508,0,Cancel,268629791,,-1000,,
4.687705,0,Cancel,268636067,,-8000,,
4.687833,0,Insert,268636315,B,2000,139500.0,G
4.687841,0,Insert,268636323,A,1000,140600.0,G
4.688309,0,Insert,268636383,B,1000,139800.0,G
4.691378,0,Cancel,268630355,,-1000,,
4.698538,0,Cancel,268634235,,-1000,,
4.698563,0,Insert,268636567,A,1000,184800.0,G
4.698567,0,Cancel,268631143,,-3000,,
4.698573,0,Insert,268636571,A,8000,140600.0,G
4.698632,0,Insert,268636607,A,2000,140900.0,G
4.698995,0,Cancel,268634259,,-1000,,
4.698998,0,Insert,268636647,A,1000,140600.0,G
4.699155,0,Cancel,268631223,,-2000,,
4.699155,0,Insert,268636683,B,2000,106500.0,G
4.699253,0,Insert,268636699,A,1000,140700.0,G
4.699267,0,Insert,268636703,A,1000,140600.0,G
4.699794,0,Insert,268636723,A,1000,140600.0,G
4.707943,0,Cancel,7016927,,-10000,,
4.707943,0,Cancel,7016928,,-10000,,
4.707943,1,Insert,7016929,A,10000,141100.0,G
4.707943,1,Insert,7016930,B,10000,139900.0,G
4.70922,0,Insert,268636999,A,1000,140900.0,G
4.711431,0,Cancel,268628903,,-1000,,
4.711469,0,Cancel,268636703,,-1000,,
4.719581,0,Insert,268637151,A,20000,143000.0,G
4.741879,0,Insert,268637303,A,1000,140600.0,G
4.741903,0,Cancel,268633127,,-1000,,
4.74192,0,Insert,268637307,A,1000,140600.0,G
4.741945,0,Insert,268637311,B,1000,96200.0,G
4.74353,0,Cancel,268637307,,-1000,,
4.743579,0,Cancel,268636723,,-1000,,
4.743886,0,Insert,268637335,B,1000,140400.0,G
4.750189,0,Cancel,268637303,,-1000,,
4.763334,0,Cancel,268637151,,-20000,,
4.769849,0,Insert,268637707,A,1000,140600.0,G
4.770135,0,Cancel,268630183,,-1000,,
4.770685,0,Insert,268637715,A,1000,140900.0,G
4.780425,0,Insert,268637815,A,20000,143000.0,G
4.781453,0,Insert,268637827,B,580,140400.0,G
4.78183,0,Cancel,268628555,,-1000,,
4.782326,0,Insert,268637883,B,1000,140100.0,G
4.790148,0,Cancel,268628895,,-8000,,
4.790175,0,Cancel,268637335,,-1000,,
4.790191,0,Insert,268638079,B,8000,140400.0,G
4.790375,0,Insert,268638091,B,580,140500.0,G
4.790398,0,Cancel,268637707,,-1000,,
4.790403,0,Cancel,268636383,,-1000,,
4.790408,0,Insert,268638095,B,3000,140200.0,G
4.790418,0,Cancel,268636315,,-2000,,
4.7905,0,Insert,268638107,A,1000,140600.0,G
4.790814,0,Cancel,268637815,,-20000,,
4.798878,1,Insert,5096563,A,54,139100.0,G
4.80005,0,Cancel,268637883,,-1000,,
4.800146,0,Insert,268638259,A,1000,140600.0,G
4.803829,0,Cancel,268605015,,-800,,
4.806541,0,Insert,268638623,A,800,140600.0,G
4.808012,0,Cancel,268638079,,-8000,,
4.80862,0,Cancel,268638623,,-800,,
4.808632,0,Insert,268638971,B,8000,140400.0,G
4.811774,0,Cancel,268638971,,-8000,,
4.811984,0,Insert,268639103,A,20000,143000.0,G
4.812547,0,Cancel,16,,-18,,
4.812738,0,Cancel,35,,-16,,
4.812767,1,Insert,37,A,16,140700.0,G
4.813034,0,Cancel,21,,-14,,
4.813088,1,Insert,22,A,14,140900.0,G
4.813146,0,Cancel,19,,-33,,
4.813178,1,Insert,20,A,33,140800.0,G
4.813262,1,Insert,17,A,59,140600.0,G
4.81331,0,Cancel,18,,-45,,
4.813858,0,Cancel,37,,-14,,
4.813966,1,Insert,39,B,14,140300.0,G
4.814029,0,Cancel,38,,-14,,
4.81406,1,Insert,40,A,14,140800.0,G
4.814289,0,Cancel,12,,-50,,
4.814341,1,Insert,13,B,50,140400.0,G
4.81438,1,Insert,14,A,50,140600.0,G
4.814456,1,Insert,19,A,45,140800.0,G
4.845744,0,Insert,268639971,B,8000,140400.0,G
4.845767,0,Cancel,268636567,,-1000,,
4.845773,0,Insert,268639983,B,1000,138900.0,G
4.845895,0,Cancel,268636999,,-1000,,
4.845938,0,Cancel,268638259,,-1000,,
4.845977,0,Cancel,268638107,,-1000,,
4.854707,0,Insert,268640243,A,1000,140600.0,G
4.854743,0,Insert,268640247,A,1000,140600.0,G
4.854771,0,Insert,268640251,A,1000,140900.0,G
4.854805,0,Insert,268640255,A,1000,140600.0,G
4.857832,0,Cancel,268640247,,-1000,,
4.862878,0,Cancel,268639971,,-8000,,
4.862909,0,Insert,268640611,A,1000,184900.0,G
4.878377,0,Insert,268640771,A,20000,143000.0,G
4.912452,0,Insert,268641187,A,1000,142100.0,G
4.912474,0,Cancel,268631151,,-1000,,
4.940009,0,Insert,268641451,A,1000,140600.0,G
4.940031,0,Cancel,268619471,,-1000,,
4.940034,0,Insert,268641459,A,1000,170200.0,G
4.940095,0,Insert,6209259,A,580,140500.0,F
4.940116,0,Insert,268641467,A,1000,140500.0,G
4.940119,0,Insert,268641471,A,190,140600.0,G
4.940123,0,Insert,268641475,B,1000,110800.0,G
4.940123,0,Insert,268641479,A,1000,140600.0,G
4.940126,0,Insert,268641483,B,2000,139500.0,G
4.940126,0,Insert,268641487,B,1000,139800.0,G
4.94013,0,Insert,268641491,A,2000,140500.0,G
4.940136,0,Cancel,268641479,,-1000,,
4.940145,0,Insert,268641499,A,1000,140500.0,G
4.940155,0,Insert,268641503,A,3000,140800.0,G
4.940155,0,Cancel,268634399,,-3000,,
4.940195,0,Cancel,268631207,,-2000,,
4.940195,0,Insert,268641511,A,2000,175100.0,G
4.940221,0,Cancel,268636071,,-1000,,
4.940245,0,Cancel,268631195,,-1000,,
4.940255,0,Cancel,268631239,,-2000,,
4.941545,0,Cancel,268641491,,-2000,,
4.94424,0,Cancel,268641471,,-190,,
4.944293,0,Cancel,268641467,,-1000,,
4.944316,0,Insert,268641623,B,800,140400.0,G
4.949062,0,Cancel,268641187,,-1000,,
4.94948,0,Cancel,268632887,,-2000,,
4.949482,0,Cancel,268641623,,-800,,
4.949492,0,Insert,268641747,A,2000,140800.0,G
4.949503,0,Cancel,268634231,,-1000,,
4.949582,0,Cancel,268605003,,-2000,,
4.949582,0,Insert,268641779,B,2000,139200.0,G
4.959029,0,Cancel,20,,-33,,
4.967616,0,Cancel,268604327,,-1000,,
4.968337,0,Insert,268642183,A,2000,140500.0,G
4.968366,0,Insert,268642187,A,1000,140500.0,G
4.968387,0,Insert,268642199,A,1000,140500.0,G
4.968913,0,Cancel,268642199,,-1000,,
4.969952,0,Insert,268642335,A,1000,140700.0,G
4.970364,0,Cancel,268578323,,-1000,,
4.971709,0,Insert,268642375,B,1000,140300.0,G
4.975693,0,Cancel,268642375,,-1000,,
4.976216,0,Insert,268642519,A,8000,140500.0,G
4.976402,0,Cancel,268604807,,-2000,,
4.976505,0,Cancel,268557383,,-8000,,
4.976515,0,Insert,268642547,A,1000,140500.0,G
4.97657,0,Insert,268642575,A,1000,140800.0,G
4.976695,0,Cancel,268563239,,-1000,,
4.976765,0,Cancel,268523643,,-1000,,
4.976889,0,Insert,268642611,B,2000,140000.0,G
4.977845,0,Cancel,268642611,,-2000,,
4.978217,0,Insert,268642879,A,1000,140500.0,G
4.978665,0,Insert,268642923,B,1000,139800.0,G
4.980961,0,Cancel,268544243,,-1000,,
4.981365,0,Cancel,268576451,,-1000,,
4.981365,0,Insert,268642995,A,1000,140600.0,G
4.981516,0,Cancel,15,,-77,,
4.982328,0,Cancel,17,,-59,,
4.982385,0,Cancel,20,,-14,,
4.982414,0,Cancel,22,,-14,,
4.98244,1,Insert,23,B,14,140300.0,G
4.982659,1,Insert,24,A,14,140800.0,G
4.982964,0,Cancel,34,,-50,,
4.983008,0,Cancel,37,,-16,,
4.983036,1,Insert,39,B,50,140300.0,G
4.983267,1,Insert,40,A,16,140600.0,G
4.983351,0,Cancel,18,,-33,,
4.983379,1,Insert,21,B,33,140200.0,G
4.983412,1,Insert,22,A,33,140700.0,G
4.983425,0,Cancel,268531439,,-1000,,
4.983447,0,Cancel,268637311,,-1000,,
4.983448,0,Cancel,268640611,,-1000,,
4.983465,0,Cancel,17,,-45,,
4.983561,0,Cancel,19,,-45,,
4.983643,0,Cancel,39,,-14,,
4.983674,1,Insert,41,B,12,140200.0,G
4.983712,0,Cancel,40,,-14,,
4.983736,1,Insert,42,A,14,140800.0,G
4.983953,0,Cancel,13,,-50,,
4.983976,0,Cancel,268638095,,-3000,,
4.98399,0,Insert,6209414,A,170,140400.0,F
4.98399,0,Cancel,268642547,,-1000,,
4.98399,0,Insert,268643223,B,1000,96100.0,G
4.984027,0,Insert,268643227,A,1000,140500.0,G
4.984065,0,Insert,268643239,A,1000,140500.0,G
4.98408,0,Insert,268643263,A,800,140500.0,G
4.98408,0,Cancel,268544147,,-790,,
4.984098,0,Insert,6209415,A,410,140400.0,F
4.984116,0,Insert,268643291,A,1000,140500.0,G
4.984119,0,Insert,268643295,A,190,140500.0,G
4.984125,0,Insert,268643307,B,1000,139700.0,G
4.984128,0,Insert,268643311,B,2000,139400.0,G
4.98418,0,Cancel,14,,-50,,
4.984277,0,Insert,268643399,A,1000,161200.0,G
4.984323,0,Cancel,268636683,,-2000,,
4.984323,0,Insert,268643447,B,2000,106400.0,G
4.984358,0,Cancel,268643263,,-800,,
4.984456,0,Cancel,268545459,,-1000,,
4.984467,1,Insert,15,A,50,140500.0,G
4.984509,0,Cancel,268557403,,-1000,,
4.984565,0,Cancel,268641511,,-2000,,
4.984565,0,Insert,268643559,A,2000,175000.0,G
4.98461,0,Insert,268643579,A,1000,140400.0,G
4.984638,0,Insert,268643587,A,1000,140400.0,G
4.984648,1,Insert,20,B,45,140400.0,G
4.984651,0,Insert,268643595,A,3000,140700.0,G
4.984651,0,Cancel,268641503,,-3000,,
4.984685,0,Cancel,268641499,,-1000,,
4.984821,0,Cancel,268545359,,-2000,,
4.985118,1,Insert,21,A,45,140700.0,G
4.98522,0,Cancel,22,,-33,,
4.985333,0,Insert,268643775,A,1000,140400.0,G
4.985539,0,Insert,268643799,A,1000,140800.0,G
4.986541,0,Cancel,268546135,,-1000,,
4.986608,0,Cancel,268639983,,-1000,,
4.988239,0,Cancel,268643295,,-190,,
4.990921,0,Insert,268644243,A,2000,140700.0,G
4.992404,0,Cancel,268544959,,-2000,,
4.992404,0,Insert,268644299,B,2000,139100.0,G
4.992791,0,Cancel,268643239,,-1000,,
4.992808,0,Cancel,268544099,,-1000,,
4.993409,0,Cancel,268544807,,-1000,,
4.994209,0,Insert,268644499,B,1000,140200.0,G
4.994417,0,Insert,268644519,B,1000,139000.0,G
4.999636,0,Cancel,268553531,,-2000,,
5.0011,0,Cancel,7016929,,-10000,,
5.0011,0,Cancel,7016930,,-10000,,
5.0011,1,Insert,7016931,A,10000,140900.0,G
5.0011,1,Insert,7016932,B,10000,139700.0,G
5.001148,0,Insert,268644631,B,8000,140200.0,G
5.032457,0,Insert,268645151,B,1000,138700.0,G
5.032483,0,Insert,268645155,A,1000,184700.0,G
5.061525,0,Cancel,268644499,,-1000,,
5.061547,0,Cancel,268641475,,-1000,,
5.062425,0,Insert,268645623,A,1000,142000.0,G
5.06245,0,Insert,268645627,B,1000,110700.0,G
5.064882,0,Cancel,268569371,,-1000,,
5.064887,0,Insert,268645643,A,1000,140600.0,G
5.066156,0,Cancel,268641451,,-1000,,
5.071782,0,Insert,268645695,B,1000,140200.0,G
5.101085,0,Cancel,268645643,,-1000,,
5.107995,1,Insert,5096564,B,52,139000.0,G
5.121587,0,Cancel,268636647,,-1000,,
5.121591,0,Insert,268647155,A,1000,140400.0,G
5.12269,0,Cancel,268643799,,-1000,,
5.122939,0,Insert,268647203,B,1000,140000.0,G
5.141047,0,Cancel,268647155,,-1000,,
5.141121,0,Insert,268647347,A,8000,140400.0,G
5.141122,0,Cancel,268574783,,-8000,,
5.141436,0,Cancel,268645151,,-1000,,
5.145777,0,Cancel,268647347,,-8000,,
5.152419,0,Cancel,268645623,,-1000,,
5.195353,1,Insert,5096565,B,53,138800.0,G
5.212421,0,Insert,268648179,B,1000,138800.0,G
5.242464,0,Insert,268648971,A,1000,141900.0,G
5.242486,0,Cancel,268643223,,-1000,,
5.257159,1,Insert,18,B,90,140200.0,G
5.257283,1,Insert,19,A,59,140400.0,G
5.257637,0,Insert,268649203,A,1000,140800.0,G
5.257663,0,Insert,268649207,B,1000,96000.0,G
5.258215,0,Cancel,39,,-50,,
5.258458,0,Cancel,40,,-16,,
5.258493,1,Insert,42,B,50,140100.0,G
5.258546,1,Insert,43,A,16,140500.0,G
5.258607,0,Cancel,23,,-14,,
5.25864,0,Cancel,24,,-14,,
5.258664,1,Insert,25,B,14,140000.0,G
5.258702,1,Insert,26,A,14,140700.0,G
5.258916,0,Cancel,21,,-33,,
5.258951,1,Insert,23,B,33,140000.0,G
5.258985,1,Insert,24,A,33,140600.0,G
5.25913,0,Cancel,1,,-20,,
5.259168,0,Cancel,3,,-20,,
5.259194,0,Cancel,5,,-20,,
5.259415,0,Cancel,7,,-20,,
5.259441,0,Cancel,9,,-20,,
5.259465,0,Cancel,11,,-20,,
5.259488,0,Cancel,13,,-20,,
5.259534,1,Insert,20,A,15,140400.0,G
5.259679,0,Cancel,20,,-11,,
5.25971,0,Cancel,21,,-45,,
5.25975,0,Cancel,41,,-12,,
5.25978,1,Insert,43,B,12,139900.0,G
5.259821,0,Cancel,42,,-14,,
5.259848,1,Insert,44,A,14,140700.0,G
5.25989,1,Insert,16,B,50,140300.0,G
5.260203,1,Insert,21,A,3,140400.0,G
5.26026,1,Insert,22,B,45,140200.0,G
5.260294,1,Insert,23,A,45,140600.0,G
5.286598,0,Cancel,268647203,,-1000,,
5.300058,0,Cancel,7016931,,-10000,,
5.300058,0,Cancel,7016932,,-10000,,
5.300058,1,Insert,7016933,A,10000,140900.0,G
5.300058,1,Insert,7016934,B,10000,139700.0,G
5.3054,0,Cancel,268648179,,-1000,,
5.305423,0,Cancel,268641459,,-1000,,
5.305603,0,Insert,268650211,A,8000,140400.0,G
5.30599,0,Cancel,268645695,,-1000,,
5.30645,0,Insert,268650227,A,1000,140500.0,G
5.308486,0,Insert,268650283,B,1000,140200.0,G
5.308583,0,Cancel,268650211,,-8000,,
5.33242,0,Insert,268650775,B,1000,138700.0,G
5.332445,0,Insert,268650783,A,1000,170000.0,G
5.363839,0,Cancel,268650775,,-1000,,
5.363849,0,Insert,268651035,B,1000,138800.0,G
5.38755,0,Cancel,268644299,,-2000,,
5.38755,0,Insert,268652663,B,2000,140100.0,G
5.387556,0,Insert,268652667,B,1000,140300.0,G
5.3901,1,Insert,5096566,A,3,138500.0,G
5.399133,0,Cancel,268652667,,-1000,,
5.399348,0,Cancel,268652663,,-2000,,
5.399348,0,Insert,268653195,B,2000,139100.0,G
5.423014,0,Insert,268654267,B,790,140300.0,G
5.423021,0,Cancel,268642879,,-1000,,
5.423046,0,Cancel,268643579,,-1000,,
5.423056,0,Cancel,268648971,,-1000,,
5.423061,0,Cancel,268654267,,-790,,
5.423071,0,Insert,268654279,B,8000,140300.0,G
5.423089,0,Insert,268654283,A,1000,140500.0,G
5.423154,0,Insert,268654291,B,1000,140300.0,G
5.423244,0,Cancel,268644243,,-2000,,
5.452461,0,Insert,268654815,A,1000,141900.0,G
5.454696,0,Cancel,268654283,,-1000,,
5.454812,0,Insert,268654875,A,1000,140500.0,G
5.459221,1,Insert,5096567,B,55,140600.0,G
5.47785,0,Insert,268655315,B,780,140300.0,G
5.477882,0,Insert,268655319,B,1000,140300.0,G
5.478033,0,Cancel,268655315,,-780,,
5.515977,0,Cancel,268654279,,-8000,,
5.516004,0,Cancel,268655319,,-1000,,
5.516311,0,Insert,268657531,A,1000,140600.0,G
5.51964,0,Cancel,18,,-90,,
5.519872,0,Cancel,42,,-50,,
5.5199,1,Insert,45,B,50,140200.0,G
5.519962,0,Cancel,23,,-33,,
5.520005,1,Insert,25,B,33,140100.0,G
5.520104,1,Insert,22,B,148,140300.0,G
5.520139,1,Insert,23,A,1,140400.0,G
5.520185,0,Cancel,22,,-45,,
5.520234,1,Insert,16,B,20,140300.0,G
5.520448,1,Insert,17,A,20,140400.0,G
5.520532,0,Cancel,43,,-12,,
5.520568,1,Insert,45,B,14,140200.0,G
5.520604,0,Cancel,44,,-14,,
5.52063,1,Insert,46,A,14,140700.0,G
5.520671,1,Insert,17,A,50,140500.0,G
5.520739,1,Insert,24,B,45,140300.0,G
5.523279,0,Cancel,268654291,,-1000,,
5.523306,0,Insert,268657755,A,2000,140700.0,G
5.566876,0,Cancel,268642519,,-8000,,
5.566919,0,Cancel,268654815,,-1000,,
5.567198,0,Insert,268658911,B,1000,140300.0,G
5.605059,0,Cancel,7016933,,-10000,,
5.605059,0,Cancel,7016934,,-10000,,
5.605059,1,Insert,7016935,A,10000,140900.0,G
5.605059,1,Insert,7016936,B,10000,139700.0,G
5.635731,0,Insert,268660743,B,8000,140300.0,G
5.635733,0,Insert,268660747,A,8000,140500.0,G
5.662457,0,Insert,268661339,A,1000,141900.0,G
5.66626,0,Cancel,268657531,,-1000,,
5.715454,0,Insert,268662587,A,1000,140600.0,G
5.751493,0,Cancel,268662587,,-1000,,
5.761003,0,Cancel,268660743,,-8000,,
5.761279,1,Insert,18,B,20,140300.0,G
5.761346,0,Insert,268663755,B,8000,140300.0,G
5.761398,1,Insert,19,A,20,140400.0,G
5.761474,0,Cancel,45,,-14,,
5.761511,1,Insert,47,B,14,140200.0,G
5.761548,0,Cancel,46,,-14,,
5.761573,1,Insert,48,A,14,140700.0,G
5.76385,0,Insert,268663875,A,1000,140600.0,G
5.764884,0,Cancel,268663875,,-1000,,
5.772804,0,Cancel,268658911,,-1000,,
5.80422,0,Cancel,268663755,,-8000,,
5.871937,0,Insert,268668251,B,17250,140300.0,G
5.879409,0,Cancel,7016935,,-10000,,
5.879409,0,Cancel,7016936,,-10000,,
5.879409,1,Insert,7016937,A,10000,140900.0,G
5.879409,1,Insert,7016938,B,10000,139700.0,G
5.906837,0,Cancel,268643775,,-1000,,
5.90753,0,Insert,268668771,B,1000,140300.0,G
5.907548,0,Cancel,268653195,,-2000,,
5.907548,0,Insert,268668783,B,2000,140100.0,G
5.907554,0,Insert,268668787,B,8000,140300.0,G
5.907562,0,Cancel,268654875,,-1000,,
5.907564,0,Insert,268668799,B,1000,140300.0,G
5.907616,0,Insert,268668819,B,1000,140000.0,G
5.907771,0,Cancel,268642575,,-1000,,
5.907811,0,Cancel,268661339,,-1000,,
5.921644,0,Insert,268669463,A,1000,140500.0,G
5.92168,0,Cancel,268668819,,-1000,,
5.929845,0,Cancel,268669463,,-1000,,
5.930009,0,Insert,268669727,B,1000,140000.0,G
5.930085,0,Insert,268669731,A,1000,140500.0,G
5.930165,0,Cancel,268649203,,-1000,,
5.930169,0,Cancel,268668787,,-8000,,
5.930327,0,Insert,268669763,B,8000,140300.0,G
5.930432,0,Insert,268669771,A,1000,141900.0,G
5.933676,0,Cancel,268669731,,-1000,,
5.933792,0,Cancel,268669771,,-1000,,
5.945248,0,Cancel,268657755,,-2000,,
5.945379,0,Insert,268670023,B,780,140300.0,G
5.945439,0,Insert,268670031,B,1000,140000.0,G
5.94547,0,Insert,268670039,B,1000,140100.0,G
5.945678,0,Cancel,268643291,,-1000,,
5.945742,0,Insert,268670071,B,1000,140300.0,G
5.962422,0,Insert,268670523,A,1000,142000.0,G
5.996886,0,Cancel,268670031,,-1000,,
5.999612,0,Cancel,268670071,,-1000,,
6.003428,0,Cancel,25,,-14,,
6.003519,1,Insert,27,B,14,140200.0,G
6.003626,1,Insert,20,B,20,140300.0,G
6.003861,0,Cancel,47,,-14,,
6.003914,1,Insert,49,B,14,140300.0,G
6.003955,0,Cancel,48,,-14,,
6.003981,1,Insert,50,A,14,140700.0,G
6.017499,0,Insert,268671747,B,1000,139800.0,G
6.039725,0,Insert,268672103,B,2000,140000.0,G
6.041942,0,Cancel,268660747,,-8000,,
6.061665,0,Insert,268672519,A,2000,141700.0,G
6.065275,0,Insert,268672611,B,1000,140300.0,G
6.065308,0,Insert,268672615,B,1000,140000.0,G
6.065516,0,Cancel,268642187,,-1000,,
6.066531,0,Cancel,268642995,,-1000,,
6.074673,0,Cancel,268672611,,-1000,,
6.090639,0,Cancel,268669763,,-8000,,
6.09064,0,Cancel,268668771,,-1000,,
6.090692,0,Insert,268672991,A,8000,140500.0,G
6.091916,0,Insert,268673051,B,1000,140300.0,G
6.095792,0,Cancel,268672991,,-8000,,
6.142583,1,Insert,5096568,B,52,142200.0,G
6.197792,0,Insert,268674723,B,8000,140300.0,G
6.197798,0,Insert,268674727,B,1000,140300.0,G
6.197829,0,Insert,268674731,B,1000,140300.0,G
6.204683,0,Cancel,7016937,,-10000,,
6.204683,0,Cancel,7016938,,-10000,,
6.204683,1,Insert,7016939,A,10000,141000.0,G
6.204683,1,Insert,7016940,B,10000,139800.0,G
6.209359,0,Insert,268675011,A,8000,140500.0,G
6.209363,0,Cancel,268673051,,-1000,,
6.209383,0,Cancel,268674731,,-1000,,
6.225891,0,Cancel,268672615,,-1000,,
6.226454,1,Insert,21,B,20,140300.0,G
6.226577,0,Cancel,49,,-14,,
6.226804,1,Insert,51,B,14,140300.0,G
6.226852,0,Cancel,50,,-14,,
6.227297,1,Insert,52,A,14,140800.0,G
6.2547,0,Cancel,268675011,,-8000,,
6.254791,0,Insert,268675579,B,1000,140300.0,G
6.254818,0,Insert,268675587,B,1000,140300.0,G
6.254853,0,Insert,268675591,B,1000,140000.0,G
6.255526,0,Cancel,268642183,,-2000,,
6.255688,0,Insert,268675731,B,8000,140300.0,G
6.255797,0,Cancel,268675731,,-8000,,
6.255799,0,Cancel,268643595,,-3000,,
6.255829,0,Insert,6210716,B,1000,140400.0,F
6.255856,0,Insert,268675807,B,1000,140300.0,G
6.255856,0,Insert,268675811,B,1000,140300.0,G
6.255856,0,Insert,268675815,B,190,140300.0,G
6.255874,0,Cancel,268643227,,-1000,,
6.255897,0,Cancel,268640243,,-1000,,
6.255927,0,Insert,268675879,A,1000,140500.0,G
6.255931,0,Cancel,268643307,,-1000,,
6.255938,0,Insert,268675895,B,1000,140300.0,G
6.255955,0,Cancel,268636323,,-1000,,
6.255961,0,Insert,268675907,B,8000,140300.0,G
6.256014,0,Cancel,268641779,,-2000,,
6.256014,0,Insert,268675963,B,2000,140200.0,G
6.256018,0,Insert,268675967,A,2000,141400.0,G
6.256046,0,Cancel,268674727,,-1000,,
6.256055,0,Insert,268676027,B,1000,140300.0,G
6.256092,0,Cancel,268651035,,-1000,,
6.256132,0,Insert,268676103,B,2000,140300.0,G
6.256136,0,Insert,268676107,B,8000,140300.0,G
6.25614,0,Cancel,268675895,,-1000,,
6.256167,0,Cancel,268675879,,-1000,,
6.256182,0,Insert,268676147,B,2000,140400.0,G
6.256206,0,Cancel,268675907,,-8000,,
6.256206,0,Cancel,268676107,,-8000,,
6.256212,0,Insert,268676167,B,770,140400.0,G
6.256221,0,Insert,268676175,B,3000,140200.0,G
6.256221,0,Insert,268676179,B,8000,140400.0,G
6.256233,0,Cancel,268675807,,-1000,,
6.256233,0,Insert,268676183,B,1000,140400.0,G
6.256233,0,Cancel,268675811,,-1000,,
6.256233,0,Insert,268676187,B,1000,140400.0,G
6.256233,0,Cancel,268676027,,-1000,,
6.256233,0,Insert,268676191,B,1000,140400.0,G
6.256233,0,Cancel,268676103,,-2000,,
6.256233,0,Insert,268676195,B,2000,140400.0,G
6.256238,0,Insert,268676207,A,1000,140800.0,G
6.256238,0,Cancel,268640255,,-1000,,
6.256289,0,Cancel,268676195,,-2000,,
6.256301,0,Cancel,268641747,,-2000,,
6.256308,0,Cancel,268643447,,-2000,,
6.256308,0,Insert,268676271,B,2000,106500.0,G
6.256371,0,Insert,268676343,B,1000,140400.0,G
6.256394,0,Cancel,268643559,,-2000,,
6.256394,0,Insert,268676363,A,2000,175100.0,G
6.256438,0,Cancel,268643311,,-2000,,
6.256502,0,Cancel,268640251,,-1000,,
6.256642,0,Cancel,268639103,,-20000,,
6.256642,0,Cancel,268640771,,-20000,,
6.256816,0,Cancel,268670523,,-1000,,
6.25691,0,Cancel,268676187,,-1000,,
6.257266,0,Insert,268676987,A,1000,140600.0,G
6.257403,0,Cancel,268676191,,-1000,,
6.25741,0,Cancel,268676179,,-8000,,
6.258067,0,Insert,268677335,A,1000,140600.0,G
6.258098,0,Insert,268677347,A,1000,140500.0,G
6.259009,0,Cancel,268676183,,-1000,,
6.259972,0,Cancel,268675815,,-190,,
6.26247,0,Cancel,268676147,,-2000,,
6.265673,0,Cancel,268675587,,-1000,,
6.267104,0,Cancel,268676167,,-770,,
6.267366,0,Cancel,268676343,,-1000,,
6.267423,0,Insert,268678155,A,1000,140500.0,G
6.267428,0,Insert,268678159,B,2000,139400.0,G
6.269574,0,Insert,268678267,B,1000,140300.0,G
6.271806,0,Cancel,268675963,,-2000,,
6.271806,0,Insert,268678327,B,2000,139200.0,G
6.277652,0,Insert,268678379,A,1000,142000.0,G
6.292281,0,Insert,268678595,A,40000,143000.0,G
6.302475,0,Insert,268678735,B,8000,140400.0,G
6.302504,0,Insert,268678743,B,1000,140400.0,G
6.302595,0,Cancel,268678159,,-2000,,
6.302651,0,Insert,268678759,B,770,140400.0,G
6.30266,0,Cancel,268678267,,-1000,,
6.302665,0,Insert,268678767,B,1000,140400.0,G
6.302836,0,Cancel,268676987,,-1000,,
6.303178,0,Amend,268678595,,-20000,,
6.311039,0,Cancel,268678155,,-1000,,
6.311109,0,Cancel,25,,-33,,
6.311115,0,Insert,268678991,B,1000,140100.0,G
6.311172,0,Cancel,268677335,,-1000,,
6.311475,0,Cancel,268678991,,-1000,,
6.311626,0,Insert,268679195,A,1000,140600.0,G
6.311721,0,Cancel,268678595,,-20000,,
6.311773,0,Cancel,268678379,,-1000,,
6.311862,0,Cancel,268678759,,-770,,
6.312142,0,Insert,268679423,B,770,140400.0,G
6.312187,0,Cancel,268678767,,-1000,,
6.312187,0,Cancel,268679423,,-770,,
6.312188,0,Cancel,268678735,,-8000,,
6.312448,0,Insert,268679467,B,770,140400.0,G
6.313368,0,Insert,268679595,A,1000,140600.0,G
6.322223,0,Insert,268679839,A,40000,143000.0,G
6.352419,0,Insert,268680515,B,1000,138900.0,G
6.352441,0,Cancel,268650783,,-1000,,
6.352443,0,Cancel,268649207,,-1000,,
6.358945,0,Insert,268680679,B,8000,140400.0,G
6.35897,0,Insert,268680687,A,1000,170100.0,G
6.358972,0,Insert,268680691,A,2000,140800.0,G
6.382426,0,Insert,268681195,A,1000,142000.0,G
6.382451,0,Insert,268681199,B,1000,96100.0,G
6.382451,0,Cancel,268645155,,-1000,,
6.408526,0,Insert,268681387,B,100,124700.0,G
6.408552,0,Insert,268681391,A,1000,184800.0,G
6.421166,0,Cancel,268680679,,-8000,,
6.456419,0,Cancel,268678327,,-2000,,
6.456419,0,Insert,268682871,B,2000,140200.0,G
6.483408,0,Cancel,22,,-148,,
6.483588,0,Cancel,24,,-33,,
6.48362,1,Insert,26,B,33,140200.0,G
6.483673,1,Insert,27,A,33,140700.0,G
6.484502,0,Cancel,45,,-50,,
6.484579,0,Cancel,43,,-3,,
6.484607,1,Insert,50,B,54,140300.0,G
6.484651,1,Insert,51,A,12,140600.0,G
6.484709,0,Cancel,27,,-14,,
6.484911,0,Cancel,26,,-14,,
6.485091,1,Insert,28,B,14,140300.0,G
6.485287,1,Insert,29,A,14,140800.0,G
6.48533,0,Cancel,7016939,,-10000,,
6.48533,0,Cancel,7016940,,-10000,,
6.48533,1,Insert,7016941,A,10000,141000.0,G
6.48533,1,Insert,7016942,B,10000,139800.0,G
6.485558,1,Insert,22,B,20,140400.0,G
6.485908,1,Insert,24,B,149,140400.0,G
6.486394,0,Cancel,24,,-45,,
6.486444,0,Cancel,23,,-45,,
6.48665,0,Cancel,51,,-14,,
6.486698,1,Insert,53,B,14,140300.0,G
6.486741,0,Cancel,52,,-14,,
6.486764,1,Insert,54,A,14,140800.0,G
6.486841,1,Insert,25,B,45,140400.0,G
6.486875,1,Insert,26,A,45,140700.0,G
6.514992,0,Insert,268683779,B,1000,140400.0,G
6.514994,0,Insert,268683783,B,8000,140400.0,G
6.514999,0,Cancel,268681195,,-1000,,
6.515167,0,Cancel,268679195,,-1000,,
6.515179,0,Cancel,268680691,,-2000,,
6.515235,0,Insert,268683807,B,1000,140400.0,G
6.515416,0,Amend,268679839,,-20000,,
6.515721,0,Insert,268683927,B,1000,140100.0,G
6.515746,0,Insert,268683931,A,1000,140600.0,G
6.515753,0,Cancel,268677347,,-1000,,
6.515909,0,Cancel,268679839,,-20000,,
6.516002,0,Cancel,268683807,,-1000,,
6.51602,0,Cancel,268683927,,-1000,,
6.517566,0,Cancel,268683931,,-1000,,
6.562458,0,Insert,268685127,A,1000,142100.0,G
6.580144,0,Insert,268685331,A,1000,140600.0,G
6.580172,0,Insert,268685339,A,1000,140500.0,G
6.580257,0,Cancel,268685331,,-1000,,
6.580559,0,Insert,268685343,A,1000,140600.0,G
6.590616,0,Insert,268685583,A,20000,143000.0,G
6.617108,0,Cancel,268685343,,-1000,,
6.617135,0,Insert,268685935,A,2000,141800.0,G
6.624547,0,Insert,268686011,A,1000,140600.0,G
6.626106,0,Cancel,268686011,,-1000,,
6.652704,0,Insert,268686503,A,1000,140600.0,G
6.653252,0,Cancel,268683783,,-8000,,
6.669041,0,Insert,268686827,B,8000,140400.0,G
6.669619,0,Insert,268686939,A,2000,140800.0,G
6.669636,0,Cancel,268685935,,-2000,,
6.66977,0,Cancel,268685127,,-1000,,
6.669966,0,Cancel,268683779,,-1000,,
6.670052,0,Cancel,268679467,,-770,,
6.670187,0,Insert,268687035,B,760,140400.0,G
6.670271,0,Cancel,268687035,,-760,,
6.670285,0,Cancel,268682871,,-2000,,
6.670285,0,Insert,268687067,B,2000,139200.0,G
6.670393,0,Insert,268687087,B,760,140400.0,G
6.671783,0,Cancel,268687087,,-760,,
6.671891,0,Cancel,268686827,,-8000,,
6.671998,0,Insert,268687167,B,760,140400.0,G
6.672034,0,Cancel,268687167,,-760,,
6.672082,0,Insert,268687171,B,760,140400.0,G
6.672314,0,Insert,268687187,A,20000,143000.0,G
6.676072,0,Cancel,268687171,,-760,,
6.676316,0,Insert,268687303,A,1000,140500.0,G
6.676341,0,Cancel,268678743,,-1000,,
6.67643,0,Insert,268687311,B,1000,139700.0,G
6.676436,0,Insert,268687323,B,2000,139400.0,G
6.676444,0,Insert,268687327,B,1000,140300.0,G
6.712432,0,Insert,268688355,A,1000,142000.0,G
6.713614,0,Insert,268688367,B,1000,140300.0,G
6.72969,0,Cancel,268688367,,-1000,,
6.739573,0,Cancel,268675579,,-1000,,
6.73978,0,Cancel,268676175,,-3000,,
6.739899,0,Cancel,268675591,,-1000,,
6.739962,0,Insert,268689519,A,1000,140500.0,G
6.739991,0,Insert,268689531,A,1000,140500.0,G
6.740183,0,Cancel,268676271,,-2000,,
6.740183,0,Insert,268689555,B,2000,106400.0,G
6.756628,0,Cancel,24,,-149,,
6.757192,0,Cancel,50,,-54,,
6.757241,1,Insert,53,B,54,140200.0,G
6.757324,0,Cancel,26,,-33,,
6.757355,1,Insert,28,B,33,140100.0,G
6.757412,0,Cancel,28,,-14,,
6.757439,1,Insert,30,B,14,140200.0,G
6.757488,0,Cancel,22,,-20,,
6.757516,1,Insert,23,B,20,140300.0,G
6.7576,1,Insert,25,B,149,140300.0,G
6.757651,0,Cancel,25,,-45,,
6.757704,0,Cancel,53,,-14,,
6.757734,1,Insert,55,B,14,140200.0,G
6.757767,0,Cancel,54,,-14,,
6.757991,1,Insert,56,A,14,140800.0,G
6.758052,0,Cancel,16,,-47,,
6.758085,0,Cancel,17,,-50,,
6.75811,1,Insert,18,B,50,140400.0,G
6.758179,1,Insert,27,B,45,140300.0,G
6.768488,0,Cancel,268689519,,-1000,,
6.768583,0,Insert,268690147,A,1000,140500.0,G
6.769198,0,Cancel,268689531,,-1000,,
6.775393,0,Insert,268690395,A,1000,140500.0,G
6.775404,0,Insert,268690399,A,1000,140500.0,G
6.775428,0,Insert,268690403,A,8000,140500.0,G
6.776131,0,Insert,268690419,A,1000,140600.0,G
6.776931,0,Cancel,268670023,,-780,,
6.778293,0,Cancel,268671747,,-1000,,
6.780302,0,Insert,268690487,A,1000,140800.0,G
6.783687,0,Cancel,268672103,,-2000,,
6.784378,0,Cancel,268680515,,-1000,,
6.793519,0,Cancel,268676363,,-2000,,
6.793519,0,Insert,268690803,A,2000,175000.0,G
6.793542,0,Cancel,268681391,,-1000,,
6.801187,0,Cancel,7016941,,-10000,,
6.801187,0,Cancel,7016942,,-10000,,
6.801187,1,Insert,7016943,A,10000,141000.0,G
6.801187,1,Insert,7016944,B,10000,139800.0,G
6.802351,0,Insert,268690951,B,1000,140300.0,G
6.802375,0,Insert,268690955,A,1000,184700.0,G
6.817801,0,Cancel,268690395,,-1000,,
6.817845,0,Insert,268691227,B,1000,138800.0,G
6.824468,0,Insert,268691375,A,1000,140500.0,G
6.827726,0,Cancel,268691375,,-1000,,
6.834578,0,Insert,268691635,A,1000,140500.0,G
6.834739,0,Cancel,268674723,,-8000,,
6.834744,0,Cancel,268687327,,-1000,,
6.834761,0,Cancel,268690951,,-1000,,
6.835416,0,Cancel,268672519,,-2000,,
6.835636,0,Cancel,268670039,,-1000,,
6.8357,0,Insert,268691743,A,760,140500.0,G
6.83615,0,Insert,268691783,A,1000,140500.0,G
6.83616,0,Cancel,268691743,,-760,,
6.845122,0,Insert,268692143,B,8000,140300.0,G
6.845129,0,Insert,268692147,B,1000,140300.0,G
6.845179,1,Insert,5096569,A,44,140300.0,G
6.845427,0,Insert,268692151,B,1000,140300.0,G
6.845671,0,Cancel,268692151,,-1000,,
6.848927,0,Cancel,268691635,,-1000,,
6.860631,0,Insert,268692503,B,770,140300.0,G
6.860658,0,Insert,268692507,B,1000,140300.0,G
6.860919,0,Cancel,268690399,,-1000,,
6.861504,0,Cancel,268690487,,-1000,,
6.861603,0,Insert,268692547,B,1000,139800.0,G
6.869887,0,Insert,268692859,A,2000,141700.0,G
6.872416,0,Cancel,268691783,,-1000,,
6.880894,0,Insert,268692923,B,2000,140000.0,G
6.880924,0,Insert,268692935,B,1000,140100.0,G
6.880933,0,Cancel,268691227,,-1000,,
6.880975,0,Insert,268692955,B,1000,140300.0,G
6.88098,0,Cancel,268690803,,-2000,,
6.88098,0,Insert,268692959,A,2000,175100.0,G
6.881012,0,Cancel,268690403,,-8000,,
6.881036,0,Cancel,268685339,,-1000,,
6.881073,0,Insert,268692967,B,1000,140000.0,G
6.881558,0,Insert,268693039,B,1000,140300.0,G
6.88185,0,Cancel,268689555,,-2000,,
6.88185,0,Insert,268693067,B,2000,106500.0,G
6.881897,0,Cancel,268693067,,-2000,,
6.881897,0,Insert,268693071,B,2000,106400.0,G
6.881965,0,Cancel,268692507,,-1000,,
6.885666,0,Insert,268693187,B,1000,140300.0,G
6.889864,0,Cancel,268692955,,-1000,,
6.890178,0,Cancel,268690147,,-1000,,
6.890315,0,Insert,268693311,B,1000,140300.0,G
6.924413,0,Cancel,268693311,,-1000,,
6.924458,0,Insert,268693975,A,1000,140500.0,G
6.924649,0,Insert,268693979,B,1000,140300.0,G
6.93577,0,Cancel,268693979,,-1000,,
6.960448,0,Insert,268694459,B,1000,138900.0,G
6.961301,0,Cancel,268693187,,-1000,,
6.961377,0,Cancel,268692967,,-1000,,
6.973866,0,Insert,268694779,B,1000,140000.0,G
6.989844,1,Insert,24,B,20,140300.0,G
6.990144,0,Cancel,55,,-14,,
6.990601,1,Insert,57,B,14,140300.0,G
6.990663,0,Cancel,56,,-14,,
6.99069,1,Insert,58,A,14,140900.0,G
6.990758,1,Insert,19,A,50,140600.0,G
7.005503,0,Cancel,268693975,,-1000,,
7.005619,0,Insert,268695331,B,1000,140300.0,G
7.006262,0,Cancel,268690419,,-1000,,
7.006736,0,Cancel,268693071,,-2000,,
7.006736,0,Insert,268695415,B,2000,106500.0,G
7.00696,0,Insert,268695423,B,1000,140300.0,G
7.007413,0,Cancel,268687311,,-1000,,
7.007716,0,Insert,268695499,B,1000,140400.0,G
7.00774,0,Cancel,268695423,,-1000,,
7.007746,0,Insert,268695507,B,770,140400.0,G
7.007752,0,Insert,268695511,B,3000,140200.0,G
7.007865,0,Cancel,268687323,,-2000,,
7.008633,0,Cancel,268686503,,-1000,,
7.008669,0,Insert,268695583,B,8000,140400.0,G
7.012352,0,Cancel,268695583,,-8000,,
7.024451,0,Insert,268696339,A,1000,140600.0,G
7.02492,0,Insert,268696383,A,1000,140500.0,G
7.025516,0,Cancel,268695499,,-1000,,
7.032953,0,Cancel,268695507,,-770,,
7.032985,0,Cancel,268695331,,-1000,,
7.033076,0,Insert,268696603,B,1000,139700.0,G
7.033104,0,Insert,268696607,B,2000,139400.0,G
7.033127,0,Cancel,268696383,,-1000,,
7.033603,0,Cancel,268695511,,-3000,,
7.033851,0,Insert,268696639,A,1000,140500.0,G
7.033924,0,Insert,268696651,B,1000,140300.0,G
7.03473,0,Cancel,268696651,,-1000,,
7.056725,0,Cancel,268693039,,-1000,,
7.067452,0,Insert,268697339,A,8000,140500.0,G
7.067677,0,Cancel,268694779,,-1000,,
7.067756,0,Cancel,268695415,,-2000,,
7.067756,0,Insert,268697351,B,2000,106400.0,G
7.068166,0,Insert,268697363,A,1000,140600.0,G
7.079184,0,Insert,268698431,A,1000,150700.0,G
7.097863,0,Cancel,268692503,,-770,,
7.097872,0,Insert,268698907,A,1000,140500.0,G
7.097883,0,Cancel,268694459,,-1000,,
7.097992,0,Insert,268698995,A,1000,140500.0,G
7.098078,0,Insert,268699035,A,1000,140500.0,G
7.109244,0,Cancel,7016943,,-10000,,
7.109244,0,Cancel,7016944,,-10000,,
7.109244,1,Insert,7016945,A,10000,141000.0,G
7.109244,1,Insert,7016946,B,10000,139800.0,G
7.115194,0,Cancel,268692923,,-2000,,
7.120693,0,Insert,268699951,A,1000,140500.0,G
7.13277,0,Insert,268700139,A,1000,140800.0,G
7.145735,0,Insert,268700251,B,1000,138800.0,G
7.145974,0,Cancel,268700139,,-1000,,
7.154114,0,Insert,268700475,A,770,140500.0,G
7.154177,0,Cancel,268700475,,-770,,
7.15424,0,Insert,268700519,A,1000,140800.0,G
7.158067,0,Cancel,268698995,,-1000,,
7.162179,0,Insert,268701075,A,1000,140500.0,G
7.162198,0,Cancel,268700519,,-1000,,
7.162462,0,Insert,268701091,A,1000,140800.0,G
7.162975,0,Cancel,268701091,,-1000,,
7.167905,0,Cancel,268692143,,-8000,,
7.16792,0,Insert,268701211,A,780,140500.0,G
7.167931,0,Cancel,268668799,,-1000,,
